Timestamp,Price,Volume,Bid_Size,Ask_Size
1609459200000000,10.01,897,5406,5359
1609459201000000,10.05,805,5399,4702
1609459202000000,10.08,1126,4525,4596
1609459203000000,10.1,1065,4945,4721
1609459204000000,10.1,846,5162,4917
1609459205000000,10.06,899,4979,5161
1609459206000000,10.09,922,5366,4867
1609459207000000,10.1,859,5487,4509
1609459208000000,10.1,835,5386,4588
1609459209000000,10.1,829,5066,4635
1609459210000000,10.1,945,5050,5092
1609459211000000,10.1,1014,4511,5477
1609459212000000,10.06,1124,5274,5443
1609459213000000,10.03,940,4570,5422
1609459214000000,10.05,1052,5484,5113
1609459215000000,10.08,886,4591,5046
1609459216000000,10.1,851,4960,5325
1609459217000000,10.06,1149,4548,5107
1609459218000000,10.06,914,5163,4802
1609459219000000,10.03,850,5184,5355
1609459220000000,10.05,1037,4909,4722
1609459221000000,10.04,1083,5127,4732
1609459222000000,9.99,1058,5376,4601
1609459223000000,9.96,1133,5357,4736
1609459224000000,9.94,952,5248,5288
1609459225000000,9.94,1011,5462,4886
1609459226000000,9.98,915,4714,5257
1609459227000000,9.98,842,4689,5001
1609459228000000,9.95,877,4699,4776
1609459229000000,9.91,1073,4631,5382
1609459230000000,9.9,1025,5192,5136
1609459231000000,9.93,802,5114,5221
1609459232000000,9.91,1069,5345,4967
1609459233000000,9.92,948,5018,4821
1609459234000000,9.95,882,4874,5338
1609459235000000,9.95,810,5273,4654
1609459236000000,9.92,1175,5228,5375
1609459237000000,9.96,868,5299,4816
1609459238000000,9.98,953,5414,5111
1609459239000000,9.97,997,4923,5436
1609459240000000,10.01,999,4686,4560
1609459241000000,10.03,1086,4968,4979
1609459242000000,10.07,1071,5105,5374
1609459243000000,10.09,1140,5465,5270
1609459244000000,10.1,1131,4536,4887
1609459245000000,10.1,1135,5241,4548
1609459246000000,10.1,1076,4894,4820
1609459247000000,10.1,1200,4509,5078
1609459248000000,10.1,948,4739,4786
1609459249000000,10.1,897,5364,4982
1609459250000000,10.07,1184,4714,5004
1609459251000000,10.1,900,5020,5319
1609459252000000,10.1,946,5390,5364
1609459253000000,10.1,939,4861,4749
1609459254000000,10.1,1150,4940,5320
1609459255000000,10.08,812,5019,4640
1609459256000000,10.1,973,5152,5084
1609459257000000,10.1,1063,4905,5407
1609459258000000,10.1,1043,4836,4802
1609459259000000,10.09,1196,4573,5246
1609459260000000,10.04,1103,4961,5484
1609459261000000,10.0,807,5336,4633
1609459262000000,10.03,894,5264,5056
1609459263000000,10.04,1145,5284,5172
1609459264000000,10.05,1056,5038,5106
1609459265000000,10.03,1058,5053,5436
1609459266000000,10.02,988,5191,4740
1609459267000000,10.03,923,5363,5207
1609459268000000,10.0,853,5016,5043
1609459269000000,10.01,852,5461,5488
1609459270000000,9.99,846,4757,4793
1609459271000000,10.04,862,5143,5136
1609459272000000,10.01,909,5447,4708
1609459273000000,10.03,1038,4743,4919
1609459274000000,10.06,1048,5339,4988
1609459275000000,10.04,1169,5317,5314
1609459276000000,10.07,987,5305,4878
1609459277000000,10.06,827,5469,4557
1609459278000000,10.04,963,5409,4648
1609459279000000,10.03,827,5232,5393
1609459280000000,10.07,804,5101,5171
1609459281000000,10.07,1086,4609,5102
1609459282000000,10.09,888,5142,5154
1609459283000000,10.1,986,5040,4818
1609459284000000,10.1,1199,4828,4881
1609459285000000,10.1,951,4671,4873
1609459286000000,10.1,864,4955,4950
1609459287000000,10.08,998,5258,5191
1609459288000000,10.03,832,5445,4896
1609459289000000,10.05,1073,5305,4861
1609459290000000,10.09,985,5243,4774
1609459291000000,10.1,976,5189,4604
1609459292000000,10.1,995,4737,5398
1609459293000000,10.05,1052,4585,5323
1609459294000000,10.02,1156,4564,5299
1609459295000000,10.06,1186,4510,5311
1609459296000000,10.09,1168,5139,4688
1609459297000000,10.09,1188,4963,4896
1609459298000000,10.09,922,5248,4627
1609459299000000,10.04,853,4910,4600
1609459300000000,10.04,1151,5111,4818
1609459301000000,10.09,1178,4800,5015
1609459302000000,10.05,1129,4861,4862
1609459303000000,10.05,925,4687,5126
1609459304000000,10.08,826,4551,4529
1609459305000000,10.07,1128,4506,5148
1609459306000000,10.06,981,4879,5437
1609459307000000,10.05,1050,5252,5026
1609459308000000,10.07,1126,4857,4735
1609459309000000,10.06,1104,4962,5366
1609459310000000,10.05,967,4697,5283
1609459311000000,10.03,855,4727,5054
1609459312000000,10.04,890,4512,4732
1609459313000000,10.06,1127,5113,4540
1609459314000000,10.04,1093,4705,5437
1609459315000000,10.0,932,5476,4917
1609459316000000,10.04,800,4841,5318
1609459317000000,10.01,909,5227,5429
1609459318000000,9.97,1148,5088,5431
1609459319000000,10.01,1190,5176,4833
1609459320000000,10.05,961,4769,5350
1609459321000000,10.09,1017,5401,5161
1609459322000000,10.1,864,5046,4933
1609459323000000,10.1,868,4887,4711
1609459324000000,10.1,1014,5393,4738
1609459325000000,10.1,1049,4578,4555
1609459326000000,10.08,1170,5183,4841
1609459327000000,10.1,1180,5482,4787
1609459328000000,10.1,951,5210,5057
1609459329000000,10.07,842,5299,5440
1609459330000000,10.1,913,5442,5276
1609459331000000,10.1,1069,4812,5073
1609459332000000,10.1,930,4806,4888
1609459333000000,10.1,1037,4508,4953
1609459334000000,10.1,1083,4748,5377
1609459335000000,10.08,1005,5114,5077
1609459336000000,10.06,938,5111,4589
1609459337000000,10.07,1111,4570,5444
1609459338000000,10.05,1093,4683,4525
1609459339000000,10.07,1171,5222,4613
1609459340000000,10.1,815,4937,4691
1609459341000000,10.1,1043,5073,5098
1609459342000000,10.05,1152,5368,5297
1609459343000000,10.05,1071,5497,5059
1609459344000000,10.06,826,5224,4960
1609459345000000,10.09,847,5468,4951
1609459346000000,10.1,1042,5019,4613
1609459347000000,10.07,1157,5379,4537
1609459348000000,10.08,834,5066,5168
1609459349000000,10.05,1073,5235,4628
1609459350000000,10.1,868,5068,4803
1609459351000000,10.1,1186,4681,5253
1609459352000000,10.1,1104,4819,4892
1609459353000000,10.1,1021,5321,4580
1609459354000000,10.08,1174,5323,4655
1609459355000000,10.08,1032,5396,4809
1609459356000000,10.1,827,5314,4692
1609459357000000,10.1,869,5211,5062
1609459358000000,10.1,1181,4756,4640
1609459359000000,10.06,1094,5493,4580
1609459360000000,10.1,900,5038,5146
1609459361000000,10.1,876,4773,4814
1609459362000000,10.1,843,5453,4803
1609459363000000,10.1,972,5200,5028
1609459364000000,10.1,942,4602,4611
1609459365000000,10.1,975,5148,4841
1609459366000000,10.1,1055,5444,4954
1609459367000000,10.07,1182,4547,5362
1609459368000000,10.1,1151,5482,5421
1609459369000000,10.1,813,4652,5032
1609459370000000,10.1,1175,5222,5090
1609459371000000,10.07,815,5186,5140
1609459372000000,10.06,1195,5290,5340
1609459373000000,10.07,1131,4520,4628
1609459374000000,10.02,1002,4909,4525
1609459375000000,9.99,973,4770,4735
1609459376000000,10.04,812,4850,5436
1609459377000000,9.99,889,4620,5142
1609459378000000,9.98,838,5142,5210
1609459379000000,10.02,956,4541,4990
1609459380000000,10.04,982,5164,4701
1609459381000000,10.05,916,4879,4678
1609459382000000,10.0,836,5421,5179
1609459383000000,10.02,822,5061,5283
1609459384000000,9.99,1074,4528,5186
1609459385000000,10.03,1103,4840,5053
1609459386000000,10.08,881,5119,4951
1609459387000000,10.07,828,5011,5259
1609459388000000,10.1,832,4776,4799
1609459389000000,10.1,814,5448,5170
1609459390000000,10.1,1084,4901,5370
1609459391000000,10.08,1134,4676,4780
1609459392000000,10.07,1164,4997,4974
1609459393000000,10.05,1035,5260,4722
1609459394000000,10.04,892,5277,4786
1609459395000000,10.05,1120,5450,4690
1609459396000000,10.08,1195,5377,4851
1609459397000000,10.1,1080,5091,4946
1609459398000000,10.05,889,5354,5202
1609459399000000,10.05,911,5036,5048
1609459400000000,10.06,926,4989,5229
1609459401000000,10.09,1103,4656,5389
1609459402000000,10.1,918,5437,4852
1609459403000000,10.09,1132,4790,4662
1609459404000000,10.08,1166,5363,5277
1609459405000000,10.07,1162,5334,4676
1609459406000000,10.1,881,5415,4748
1609459407000000,10.1,1050,4909,5137
1609459408000000,10.09,1168,5205,4716
1609459409000000,10.06,1130,4925,4735
1609459410000000,10.02,999,5150,5009
1609459411000000,10.0,1115,5077,4837
1609459412000000,10.0,951,5216,5309
1609459413000000,10.02,1048,4562,5382
1609459414000000,10.0,1120,5171,4715
1609459415000000,9.96,890,5072,5250
1609459416000000,9.96,881,4829,4791
1609459417000000,9.96,1019,5113,4587
1609459418000000,9.93,923,4990,5382
1609459419000000,9.96,842,5178,4763
1609459420000000,9.96,986,4691,5046
1609459421000000,9.94,949,4607,4855
1609459422000000,9.91,900,4569,4578
1609459423000000,9.9,817,4780,4881
1609459424000000,9.9,1044,5185,4522
1609459425000000,9.94,1114,5083,4595
1609459426000000,9.97,852,4846,5419
1609459427000000,10.0,1180,5021,4998
1609459428000000,10.01,951,5138,4610
1609459429000000,10.05,1081,4974,5049
1609459430000000,10.06,957,4748,5015
1609459431000000,10.05,1020,4811,5087
1609459432000000,10.04,838,4780,5473
1609459433000000,10.07,863,4726,4982
1609459434000000,10.06,1150,5115,5418
1609459435000000,10.03,846,4865,4914
1609459436000000,10.06,863,5212,5100
1609459437000000,10.04,942,5381,5380
1609459438000000,10.05,1123,5033,4635
1609459439000000,10.01,906,5240,4742
1609459440000000,9.96,1179,4936,5446
1609459441000000,9.92,902,5102,5218
1609459442000000,9.94,1106,5157,4590
1609459443000000,9.97,980,5319,5189
1609459444000000,10.01,898,4804,4730
1609459445000000,10.03,1062,5234,5349
1609459446000000,10.04,948,4968,5466
1609459447000000,10.03,1105,5008,4614
1609459448000000,10.07,912,4816,4569
1609459449000000,10.07,970,4686,5433
1609459450000000,10.07,856,5087,4725
1609459451000000,10.03,952,4607,5353
1609459452000000,10.04,1130,5088,4570
1609459453000000,9.99,984,4505,4777
1609459454000000,9.95,800,5046,5233
1609459455000000,9.97,1078,4517,5261
1609459456000000,10.0,1105,5239,4946
1609459457000000,9.97,972,5336,5440
1609459458000000,9.99,996,5099,5134
1609459459000000,10.04,1051,5124,4758
1609459460000000,10.0,1062,5140,5348
1609459461000000,10.02,940,4876,5483
1609459462000000,10.05,811,5316,4639
1609459463000000,10.04,1056,4629,5420
1609459464000000,10.03,866,4569,5006
1609459465000000,10.03,918,4690,4586
1609459466000000,10.08,845,5043,4516
1609459467000000,10.08,1106,5022,4527
1609459468000000,10.1,994,5463,4861
1609459469000000,10.08,1178,4504,4723
1609459470000000,10.06,907,5143,5218
1609459471000000,10.08,1150,4617,5122
1609459472000000,10.1,818,4992,5143
1609459473000000,10.06,1179,4685,4501
1609459474000000,10.02,1092,5336,5418
1609459475000000,10.06,842,4706,4623
1609459476000000,10.1,1164,4544,4910
1609459477000000,10.06,1083,4725,4872
1609459478000000,10.02,924,4862,5097
1609459479000000,10.03,1151,5315,5463
1609459480000000,10.03,1181,5194,5095
1609459481000000,10.03,1059,5027,5361
1609459482000000,10.08,1141,5336,4721
1609459483000000,10.03,1098,5099,5400
1609459484000000,10.03,904,5188,5285
1609459485000000,10.0,931,5486,4795
1609459486000000,10.04,1010,5094,4584
1609459487000000,10.0,979,5211,4900
1609459488000000,10.04,820,5036,4747
1609459489000000,10.02,861,4928,5125
1609459490000000,9.98,870,5062,4637
1609459491000000,9.97,1167,5300,4507
1609459492000000,9.96,1161,4761,5304
1609459493000000,9.98,1174,4558,4520
1609459494000000,9.96,1137,4937,4587
1609459495000000,9.99,925,4678,4750
1609459496000000,9.98,1070,4699,4822
1609459497000000,9.98,1168,5165,4963
1609459498000000,10.0,819,5412,5104
1609459499000000,9.97,856,5135,5014
1609459500000000,9.93,1019,5149,4934
1609459501000000,9.95,912,5247,5177
1609459502000000,9.96,1123,5329,4625
1609459503000000,9.99,1143,4656,5197
1609459504000000,10.02,924,4793,5082
1609459505000000,9.98,1018,5255,5264
1609459506000000,9.98,1023,4573,4825
1609459507000000,9.97,897,5001,5245
1609459508000000,9.92,862,5357,5433
1609459509000000,9.97,1128,4528,4588
1609459510000000,9.95,806,5302,5329
1609459511000000,9.91,1003,5269,4505
1609459512000000,9.91,1125,4842,4801
1609459513000000,9.9,1081,4695,4791
1609459514000000,9.9,869,5042,4613
1609459515000000,9.9,1177,5280,4569
1609459516000000,9.94,1078,4584,5255
1609459517000000,9.99,1047,4843,4605
1609459518000000,9.96,1192,5449,5294
1609459519000000,9.99,1003,4956,5283
1609459520000000,10.03,1114,4808,4995
1609459521000000,10.06,968,4685,4707
1609459522000000,10.08,1000,4824,5022
1609459523000000,10.09,1031,5215,4931
1609459524000000,10.1,879,4645,4847
1609459525000000,10.09,998,5010,4880
1609459526000000,10.05,898,4928,5227
1609459527000000,10.03,1144,5339,5046
1609459528000000,10.02,1008,4716,5320
1609459529000000,10.02,1189,5305,4595
1609459530000000,10.02,1193,4706,4920
1609459531000000,10.01,917,4637,4727
1609459532000000,10.03,869,4775,4649
1609459533000000,9.98,1043,5325,5178
1609459534000000,9.96,1061,4600,4952
1609459535000000,9.91,949,5242,4522
1609459536000000,9.92,1149,5089,5430
1609459537000000,9.9,1122,5376,5120
1609459538000000,9.94,1045,5012,5040
1609459539000000,9.93,1194,5307,4981
1609459540000000,9.93,835,5043,5264
1609459541000000,9.93,822,4816,4757
1609459542000000,9.9,976,5256,5238
1609459543000000,9.94,1101,5167,4794
1609459544000000,9.91,852,4857,5141
1609459545000000,9.9,1181,5404,5472
1609459546000000,9.9,824,5393,5409
1609459547000000,9.9,1074,5175,4576
1609459548000000,9.9,1079,5131,4785
1609459549000000,9.93,901,5157,4780
1609459550000000,9.95,1154,4917,5104
1609459551000000,9.96,1062,5351,4749
1609459552000000,9.97,1148,5029,5114
1609459553000000,9.92,1001,4584,4933
1609459554000000,9.95,920,5104,5095
1609459555000000,9.97,888,5140,5034
1609459556000000,9.92,1198,5082,5030
1609459557000000,9.9,1027,4975,4792
1609459558000000,9.92,854,5031,4751
1609459559000000,9.93,1155,4972,5367
1609459560000000,9.91,957,4621,4806
1609459561000000,9.9,984,4554,4527
1609459562000000,9.9,1071,4582,4923
1609459563000000,9.9,827,5176,5195
1609459564000000,9.94,816,4655,5332
1609459565000000,9.93,888,4562,4680
1609459566000000,9.93,1120,4659,5458
1609459567000000,9.94,1000,5332,4592
1609459568000000,9.9,1182,5282,5072
1609459569000000,9.9,951,5040,5166
1609459570000000,9.94,851,4788,5362
1609459571000000,9.93,991,4611,4706
1609459572000000,9.95,965,4845,4703
1609459573000000,9.95,1131,4801,5491
1609459574000000,9.91,1174,4773,4894
1609459575000000,9.9,882,5274,4681
1609459576000000,9.91,862,4796,5004
1609459577000000,9.9,1176,4952,4781
1609459578000000,9.9,962,5332,5183
1609459579000000,9.9,1056,4705,5132
1609459580000000,9.9,913,4608,4646
1609459581000000,9.9,838,4753,4655
1609459582000000,9.9,965,4549,4996
1609459583000000,9.9,936,5249,5090
1609459584000000,9.93,913,5297,4777
1609459585000000,9.93,858,4946,5397
1609459586000000,9.9,1113,5393,5180
1609459587000000,9.94,809,4988,4684
1609459588000000,9.9,1027,4553,4589
1609459589000000,9.92,922,5187,5319
1609459590000000,9.9,917,5429,5271
1609459591000000,9.9,978,5245,5121
1609459592000000,9.9,1131,5226,5321
1609459593000000,9.9,1130,5410,4608
1609459594000000,9.9,1006,4935,5054
1609459595000000,9.9,842,5344,4956
1609459596000000,9.91,1059,5138,4964
1609459597000000,9.9,1132,5103,5219
1609459598000000,9.9,964,4619,5176
1609459599000000,9.93,1091,4716,4553
1609459600000000,9.96,1091,4860,4694
1609459601000000,10.0,970,5002,5500
1609459602000000,9.97,1168,4898,5210
1609459603000000,9.98,867,5323,4836
1609459604000000,10.01,892,4966,5234
1609459605000000,9.97,830,4510,5079
1609459606000000,9.99,1070,4901,5108
1609459607000000,10.02,1165,4601,5029
1609459608000000,10.07,834,5202,4911
1609459609000000,10.08,1028,4960,4909
1609459610000000,10.05,1068,5196,5247
1609459611000000,10.03,943,5034,5027
1609459612000000,10.0,1092,5254,4725
1609459613000000,10.0,800,4962,4865
1609459614000000,9.95,936,4560,5083
1609459615000000,9.93,884,5290,4996
1609459616000000,9.9,1062,5209,5158
1609459617000000,9.92,1011,5491,4749
1609459618000000,9.95,1012,4844,4957
1609459619000000,9.94,892,4869,4690
1609459620000000,9.91,958,4761,5315
1609459621000000,9.9,914,4732,4556
1609459622000000,9.9,1021,4741,4880
1609459623000000,9.9,1193,5230,5118
1609459624000000,9.9,1093,5140,4677
1609459625000000,9.94,1113,4962,5405
1609459626000000,9.94,1009,4523,5010
1609459627000000,9.99,1086,4585,5172
1609459628000000,10.02,811,4742,5195
1609459629000000,10.06,1111,4888,4739
1609459630000000,10.03,1123,5128,5387
1609459631000000,10.05,950,4623,4571
1609459632000000,10.1,842,4735,4900
1609459633000000,10.09,1194,5134,5062
1609459634000000,10.1,962,4862,4545
1609459635000000,10.1,882,4932,4747
1609459636000000,10.1,967,4580,4681
1609459637000000,10.1,801,5445,4701
1609459638000000,10.05,1141,5490,4502
1609459639000000,10.1,1150,5119,5486
1609459640000000,10.05,958,4586,4681
1609459641000000,10.01,1181,5411,4945
1609459642000000,9.97,991,5260,5406
1609459643000000,9.94,968,4991,4795
1609459644000000,9.94,848,5360,4888
1609459645000000,9.91,800,4733,4888
1609459646000000,9.91,924,5013,4868
1609459647000000,9.9,953,4811,4644
1609459648000000,9.91,858,4577,5179
1609459649000000,9.91,842,5048,5100
1609459650000000,9.92,896,4897,5318
1609459651000000,9.91,1103,5494,4937
1609459652000000,9.93,985,4753,4755
1609459653000000,9.93,888,5230,5329
1609459654000000,9.96,1019,4687,4961
1609459655000000,9.92,832,5434,5193
1609459656000000,9.9,813,5008,4601
1609459657000000,9.9,825,4750,4770
1609459658000000,9.9,1127,4836,5385
1609459659000000,9.93,1108,4949,5484
1609459660000000,9.92,1161,4839,4734
1609459661000000,9.9,950,4887,5241
1609459662000000,9.9,806,4805,4785
1609459663000000,9.9,1173,4701,5496
1609459664000000,9.94,851,4668,4950
1609459665000000,9.93,895,4931,4928
1609459666000000,9.98,1097,5129,5400
1609459667000000,9.95,1112,4507,5411
1609459668000000,9.91,1061,5400,4523
1609459669000000,9.95,998,5135,4825
1609459670000000,9.99,936,4722,5355
1609459671000000,9.94,1001,4620,5300
1609459672000000,9.93,817,4848,5442
1609459673000000,9.95,1190,4981,4552
1609459674000000,10.0,850,4688,5363
1609459675000000,9.95,934,5465,5198
1609459676000000,9.96,973,5370,4783
1609459677000000,9.93,922,5165,4725
1609459678000000,9.93,1077,4756,5135
1609459679000000,9.9,898,4823,4717
1609459680000000,9.93,1192,5291,4614
1609459681000000,9.92,984,5163,4940
1609459682000000,9.9,1093,5127,5354
1609459683000000,9.9,1088,4671,5441
1609459684000000,9.9,1197,5291,4776
1609459685000000,9.95,1175,5177,4654
1609459686000000,9.99,1136,4606,5123
1609459687000000,9.98,995,5098,5460
1609459688000000,9.94,998,4654,5022
1609459689000000,9.92,877,5095,5361
1609459690000000,9.96,1091,5051,5145
1609459691000000,9.95,829,5360,4645
1609459692000000,9.95,1150,5090,4520
1609459693000000,9.93,869,5279,5019
1609459694000000,9.9,912,5417,4957
1609459695000000,9.9,918,5000,5215
1609459696000000,9.9,1026,4539,5036
1609459697000000,9.9,1022,5155,5161
1609459698000000,9.9,1168,5390,5099
1609459699000000,9.91,977,5429,5413
1609459700000000,9.93,863,5047,5041
1609459701000000,9.9,1114,5285,5488
1609459702000000,9.93,1088,5380,4659
1609459703000000,9.94,1054,5357,5445
1609459704000000,9.97,1162,4562,5279
1609459705000000,10.0,907,4843,4987
1609459706000000,10.03,1195,4909,4729
1609459707000000,10.04,946,4946,4776
1609459708000000,10.05,1046,4788,5457
1609459709000000,10.08,1070,4599,4657
1609459710000000,10.06,899,4945,5087
1609459711000000,10.07,1167,4827,5257
1609459712000000,10.04,849,5175,5127
1609459713000000,10.0,1200,5033,4687
1609459714000000,10.02,1097,5110,5139
1609459715000000,10.0,992,5492,5203
1609459716000000,9.98,1025,4908,5260
1609459717000000,9.97,830,5236,5193
1609459718000000,9.99,922,5114,5146
1609459719000000,9.98,1086,4855,4563
1609459720000000,9.94,975,5039,5263
1609459721000000,9.94,1066,4517,4889
1609459722000000,9.95,950,4967,4668
1609459723000000,9.94,1174,4961,4703
1609459724000000,9.91,1105,5306,4755
1609459725000000,9.9,852,5460,5102
1609459726000000,9.94,902,4607,4813
1609459727000000,9.97,832,4883,4522
1609459728000000,10.0,1071,4674,5422
1609459729000000,10.0,838,5350,4822
1609459730000000,10.05,811,5234,4730
1609459731000000,10.08,934,4640,5204
1609459732000000,10.09,839,5359,5377
1609459733000000,10.05,822,5063,4967
1609459734000000,10.01,1045,5468,4625
1609459735000000,9.99,877,4530,5396
1609459736000000,9.95,844,4692,5322
1609459737000000,10.0,1140,4983,4911
1609459738000000,9.96,1020,5207,4536
1609459739000000,9.92,1063,4706,4997
1609459740000000,9.96,1080,5208,4617
1609459741000000,9.93,968,5456,4785
1609459742000000,9.95,876,4639,5111
1609459743000000,9.94,944,5399,4545
1609459744000000,9.9,979,5378,4773
1609459745000000,9.9,1105,4627,5293
1609459746000000,9.9,1118,5344,5014
1609459747000000,9.9,846,4526,4895
1609459748000000,9.9,825,5199,4563
1609459749000000,9.91,1054,4826,4797
1609459750000000,9.95,954,4504,4803
1609459751000000,9.94,1079,4925,4931
1609459752000000,9.92,1166,5348,5140
1609459753000000,9.92,976,4534,5365
1609459754000000,9.97,1142,4720,4779
1609459755000000,10.0,829,5259,5084
1609459756000000,9.97,1001,4938,5249
1609459757000000,9.93,1044,4748,5014
1609459758000000,9.97,820,5020,5437
1609459759000000,10.0,1006,5489,5336
1609459760000000,10.01,1031,4987,4851
1609459761000000,9.99,1198,4885,5201
1609459762000000,9.97,852,5384,5086
1609459763000000,9.98,1083,4644,5458
1609459764000000,9.97,1134,4537,5047
1609459765000000,9.99,1154,5431,4556
1609459766000000,9.98,1013,4934,5347
1609459767000000,10.03,1112,4734,4655
1609459768000000,10.07,908,5088,4689
1609459769000000,10.05,1055,4631,5384
1609459770000000,10.03,1066,5388,5215
1609459771000000,10.05,872,5484,5447
1609459772000000,10.03,1059,5411,4714
1609459773000000,10.0,1000,5063,5215
1609459774000000,9.98,1131,5380,5499
1609459775000000,9.96,1078,4944,4899
1609459776000000,9.96,1045,4885,4565
1609459777000000,9.97,1081,5323,5152
1609459778000000,9.96,1147,5235,4946
1609459779000000,9.99,885,4515,4508
1609459780000000,10.01,993,5202,5016
1609459781000000,10.05,945,5441,4704
1609459782000000,10.07,1039,5307,4557
1609459783000000,10.08,993,4762,4848
1609459784000000,10.1,1192,4999,5068
1609459785000000,10.1,916,5177,5184
1609459786000000,10.06,1191,4838,4721
1609459787000000,10.02,870,4725,4949
1609459788000000,9.98,1103,5132,4582
1609459789000000,10.02,946,5093,4904
1609459790000000,10.02,1086,5205,4940
1609459791000000,10.04,1072,5378,4857
1609459792000000,10.08,879,4674,4615
1609459793000000,10.05,1192,4863,4834
1609459794000000,10.02,823,5214,4700
1609459795000000,10.01,850,4878,5495
1609459796000000,9.98,818,4729,4950
1609459797000000,9.95,1196,5489,5072
1609459798000000,9.98,1173,4971,4995
1609459799000000,9.97,830,4939,5269
1609459800000000,9.98,1121,5329,5289
1609459801000000,10.01,1096,5167,4692
1609459802000000,9.99,1027,4768,5409
1609459803000000,10.04,882,4787,4848
1609459804000000,10.07,1177,4862,4769
1609459805000000,10.02,992,5326,4813
1609459806000000,10.05,842,4742,5309
1609459807000000,10.04,976,4697,5257
1609459808000000,10.02,847,4888,4811
1609459809000000,10.0,1179,5498,4972
1609459810000000,9.98,927,5019,5343
1609459811000000,9.98,1097,5037,5246
1609459812000000,9.94,1107,5395,5251
1609459813000000,9.99,1162,5302,4558
1609459814000000,9.95,819,4505,4760
1609459815000000,9.94,895,5340,4759
1609459816000000,9.98,1116,5357,4977
1609459817000000,9.99,1176,5496,4946
1609459818000000,9.97,1004,5007,5461
1609459819000000,9.98,853,4681,4983
1609459820000000,9.99,936,5055,4900
1609459821000000,9.99,1040,4622,5122
1609459822000000,9.99,885,4558,5182
1609459823000000,9.99,1019,5466,5012
1609459824000000,10.0,1144,5279,5439
1609459825000000,9.99,1086,4760,5147
1609459826000000,9.97,1053,4641,5228
1609459827000000,9.95,949,4943,5227
1609459828000000,9.99,1053,5350,5212
1609459829000000,9.98,856,5120,5474
1609459830000000,10.02,991,4714,5076
1609459831000000,10.02,902,5370,4653
1609459832000000,10.06,1182,5357,4571
1609459833000000,10.03,1040,5326,4616
1609459834000000,10.02,845,5484,5203
1609459835000000,10.06,860,4998,5306
1609459836000000,10.06,934,4875,4981
1609459837000000,10.04,1195,4765,5315
1609459838000000,10.01,1112,5167,4848
1609459839000000,9.97,837,4991,5389
1609459840000000,9.95,871,4786,4530
1609459841000000,9.94,973,4642,4539
1609459842000000,9.93,1029,4667,5087
1609459843000000,9.98,1168,4595,4978
1609459844000000,10.0,1114,4527,4559
1609459845000000,9.96,1078,4951,5271
1609459846000000,9.96,1140,5431,4910
1609459847000000,9.99,1045,5254,5225
1609459848000000,10.02,827,4504,4709
1609459849000000,10.07,1140,4519,5088
1609459850000000,10.09,1038,4881,4640
1609459851000000,10.1,1177,5089,5046
1609459852000000,10.08,956,4582,4501
1609459853000000,10.1,1107,5040,5039
1609459854000000,10.08,1069,5227,5466
1609459855000000,10.08,950,4801,5332
1609459856000000,10.08,948,5005,4779
1609459857000000,10.07,1031,5348,5131
1609459858000000,10.04,887,5328,5233
1609459859000000,10.07,848,5077,5467
1609459860000000,10.08,1081,4528,5376
1609459861000000,10.1,1113,5058,4708
1609459862000000,10.09,1085,4850,5045
1609459863000000,10.08,833,4654,5365
1609459864000000,10.07,932,5097,4694
1609459865000000,10.05,1200,4824,4865
1609459866000000,10.0,1120,4561,5302
1609459867000000,10.0,1141,5480,4761
1609459868000000,9.97,932,5087,5377
1609459869000000,9.93,1066,5165,4796
1609459870000000,9.94,1105,4788,5123
1609459871000000,9.93,817,5230,5384
1609459872000000,9.94,881,5325,5388
1609459873000000,9.98,968,5369,4648
1609459874000000,9.99,1184,4742,5047
1609459875000000,9.95,1123,4601,4668
1609459876000000,9.9,880,4882,5497
1609459877000000,9.93,924,4719,4644
1609459878000000,9.95,835,5029,4614
1609459879000000,9.99,817,4730,5091
1609459880000000,9.96,908,5154,5045
1609459881000000,9.97,997,4626,5466
1609459882000000,9.95,1008,4782,5238
1609459883000000,9.96,935,4880,5357
1609459884000000,9.99,838,4593,5243
1609459885000000,9.95,1166,5391,5051
1609459886000000,9.94,1106,4726,5128
1609459887000000,9.98,1137,4516,4861
1609459888000000,10.02,1133,4613,5188
1609459889000000,9.98,1050,5077,5485
1609459890000000,9.93,966,5258,5389
1609459891000000,9.91,905,4997,4734
1609459892000000,9.9,956,4571,5027
1609459893000000,9.92,1055,4612,5176
1609459894000000,9.97,918,5447,5091
1609459895000000,9.93,1118,4836,4808
1609459896000000,9.96,813,5074,4589
1609459897000000,10.0,810,4799,4884
1609459898000000,9.97,866,5402,4607
1609459899000000,10.0,1104,4838,4544
1609459900000000,9.98,940,4809,4579
1609459901000000,10.0,855,5295,4898
1609459902000000,10.04,807,4822,5002
1609459903000000,10.08,801,4524,5460
1609459904000000,10.1,1091,4993,5341
1609459905000000,10.1,875,4853,5338
1609459906000000,10.1,870,5486,4889
1609459907000000,10.06,1065,4988,4801
1609459908000000,10.07,956,5185,5259
1609459909000000,10.09,1060,5225,4933
1609459910000000,10.1,952,5361,4930
1609459911000000,10.08,889,5132,4772
1609459912000000,10.06,819,5419,5299
1609459913000000,10.1,968,5421,4541
1609459914000000,10.06,938,5016,5491
1609459915000000,10.06,1185,4694,4950
1609459916000000,10.09,1199,5080,5043
1609459917000000,10.1,1200,4986,5203
1609459918000000,10.08,1157,5176,5488
1609459919000000,10.04,1035,5426,4653
1609459920000000,10.08,1112,5238,4858
1609459921000000,10.09,800,5371,4918
1609459922000000,10.07,1153,5175,5125
1609459923000000,10.05,1028,5015,4890
1609459924000000,10.03,929,4549,5066
1609459925000000,10.06,903,5333,4680
1609459926000000,10.08,1006,5396,4830
1609459927000000,10.04,1025,4738,5060
1609459928000000,10.06,895,5171,5005
1609459929000000,10.02,1139,5114,5495
1609459930000000,10.03,1114,4856,5489
1609459931000000,10.02,868,4811,5390
1609459932000000,9.98,1127,4613,5199
1609459933000000,10.02,1192,4685,5474
1609459934000000,10.02,1013,4911,5002
1609459935000000,10.05,861,5424,5425
1609459936000000,10.06,1112,5039,4868
1609459937000000,10.05,831,4501,5027
1609459938000000,10.03,1114,4775,4898
1609459939000000,10.02,1016,5291,4581
1609459940000000,9.99,1181,4894,4855
1609459941000000,9.95,1165,4686,4952
1609459942000000,9.97,865,5491,5473
1609459943000000,9.97,1081,5475,5171
1609459944000000,10.01,940,5258,4674
1609459945000000,10.05,1100,5246,5466
1609459946000000,10.03,1187,4954,5024
1609459947000000,10.06,970,4618,5357
1609459948000000,10.06,1184,5288,4568
1609459949000000,10.05,1094,4964,5333
1609459950000000,10.05,1154,5204,4522
1609459951000000,10.06,1036,4959,5489
1609459952000000,10.1,1006,4787,5105
1609459953000000,10.09,1083,5339,4716
1609459954000000,10.06,825,4713,4870
1609459955000000,10.01,832,4704,5423
1609459956000000,10.0,806,5275,5164
1609459957000000,9.98,1059,4544,5200
1609459958000000,9.96,1163,5345,5178
1609459959000000,9.93,800,5174,4642
1609459960000000,9.9,1199,4682,4579
1609459961000000,9.93,854,5428,4860
1609459962000000,9.93,907,5207,5459
1609459963000000,9.9,1143,5464,5291
1609459964000000,9.93,925,4616,4797
1609459965000000,9.95,1011,4924,4754
1609459966000000,10.0,889,4840,4604
1609459967000000,10.04,842,4567,4721
1609459968000000,10.01,1001,5248,4930
1609459969000000,10.03,928,5241,5031
1609459970000000,9.98,818,4890,5339
1609459971000000,9.97,1191,5226,5386
1609459972000000,10.01,919,4945,5031
1609459973000000,9.99,1080,4958,4789
1609459974000000,9.94,888,4681,5146
1609459975000000,9.91,1141,5007,5294
1609459976000000,9.9,1025,4530,5378
1609459977000000,9.94,1008,4635,5307
1609459978000000,9.95,865,4511,5090
1609459979000000,9.95,900,4531,4582
1609459980000000,9.97,994,4982,5318
1609459981000000,9.92,839,4566,5278
1609459982000000,9.94,1091,4589,5386
1609459983000000,9.92,1064,5077,5359
1609459984000000,9.96,974,5371,4915
1609459985000000,9.99,988,5411,5208
1609459986000000,9.97,1110,5288,5500
1609459987000000,9.99,889,5061,4951
1609459988000000,10.03,1055,4671,4959
1609459989000000,10.04,1165,5174,5078
1609459990000000,10.01,852,4678,4725
1609459991000000,9.98,992,5290,5469
1609459992000000,9.95,861,5390,4916
1609459993000000,9.98,821,5430,4996
1609459994000000,9.98,938,4672,4550
1609459995000000,9.93,1035,4754,4701
1609459996000000,9.9,821,5060,4644
1609459997000000,9.9,819,4790,5050
1609459998000000,9.92,1037,4805,4946
1609459999000000,9.95,838,5053,5317
1609460000000000,10.0,1005,4763,5331
1609460001000000,9.96,816,5256,4791
1609460002000000,10.0,1180,5458,4562
1609460003000000,10.04,1166,4527,4611
1609460004000000,10.07,1180,4877,5044
1609460005000000,10.03,810,4781,4947
1609460006000000,9.98,817,4615,5099
1609460007000000,10.0,1135,5323,5304
1609460008000000,10.04,1197,4717,5325
1609460009000000,10.01,1137,4725,5260
1609460010000000,10.01,822,5468,5303
1609460011000000,10.04,1157,5001,5091
1609460012000000,10.02,1048,5312,5045
1609460013000000,10.04,974,5475,5361
1609460014000000,10.08,971,5220,4935
1609460015000000,10.04,812,4858,4639
1609460016000000,10.06,1116,5200,4649
1609460017000000,10.04,1138,5294,5074
1609460018000000,10.05,1170,4915,5287
1609460019000000,10.08,857,5419,4886
1609460020000000,10.1,965,5377,4542
1609460021000000,10.09,998,5225,4879
1609460022000000,10.1,889,4625,5242
1609460023000000,10.09,929,5393,5383
1609460024000000,10.04,891,4854,5237
1609460025000000,10.06,811,4760,4862
1609460026000000,10.1,1012,4816,4998
1609460027000000,10.08,870,5439,4798
1609460028000000,10.1,960,4846,4853
1609460029000000,10.1,1191,4661,5370
1609460030000000,10.1,1030,4889,4884
1609460031000000,10.09,823,5388,4628
1609460032000000,10.09,874,5165,5295
1609460033000000,10.1,1031,4792,5226
1609460034000000,10.06,962,5385,5426
1609460035000000,10.06,1081,5467,4717
1609460036000000,10.03,936,5209,5193
1609460037000000,10.04,995,5326,5170
1609460038000000,10.02,1085,5086,4640
1609460039000000,10.06,895,4719,4664
1609460040000000,10.04,975,5347,4735
1609460041000000,10.01,917,4819,5012
1609460042000000,10.04,1072,4679,4857
1609460043000000,10.08,1156,4856,4727
1609460044000000,10.06,968,5241,5491
1609460045000000,10.05,1135,4640,4778
1609460046000000,10.04,1162,4764,4691
1609460047000000,10.02,1073,5345,5109
1609460048000000,9.99,1013,5027,5152
1609460049000000,9.98,1029,4943,5320
1609460050000000,9.97,1055,5165,5174
1609460051000000,9.92,812,5351,4506
1609460052000000,9.92,929,4972,5494
1609460053000000,9.93,1179,5212,4897
1609460054000000,9.9,971,4787,4870
1609460055000000,9.92,934,4900,5492
1609460056000000,9.9,1193,5349,5498
1609460057000000,9.9,1155,5058,4625
1609460058000000,9.93,1090,4927,4625
1609460059000000,9.9,1174,5352,5154
1609460060000000,9.9,1176,4846,4665
1609460061000000,9.9,899,5431,4898
1609460062000000,9.92,931,5452,5405
1609460063000000,9.9,1125,5093,5021
1609460064000000,9.9,908,4631,5363
1609460065000000,9.9,1122,5120,5340
1609460066000000,9.92,1088,4819,5328
1609460067000000,9.95,1042,4587,5455
1609460068000000,9.95,1099,5046,4935
1609460069000000,9.92,1140,4744,4642
1609460070000000,9.9,916,5006,5104
1609460071000000,9.9,964,4749,5227
1609460072000000,9.95,1063,5488,5335
1609460073000000,9.93,1091,4988,4832
1609460074000000,9.9,855,5012,4599
1609460075000000,9.9,1125,4680,4879
1609460076000000,9.9,843,4582,5251
1609460077000000,9.9,978,5479,5449
1609460078000000,9.91,805,5036,4720
1609460079000000,9.91,947,5390,4613
1609460080000000,9.94,1133,5178,4724
1609460081000000,9.91,1016,4825,5154
1609460082000000,9.94,806,5182,5222
1609460083000000,9.96,914,4920,4763
1609460084000000,9.95,976,4847,4985
1609460085000000,9.91,911,5015,4639
1609460086000000,9.95,1003,4966,5088
1609460087000000,9.93,1066,4782,5191
1609460088000000,9.97,998,5178,5213
1609460089000000,9.94,1019,5338,5171
1609460090000000,9.97,1126,4696,4845
1609460091000000,9.98,820,5256,4651
1609460092000000,10.02,959,4981,5194
1609460093000000,10.04,994,5240,5187
1609460094000000,10.0,1132,5134,4934
1609460095000000,10.0,1141,5462,5261
1609460096000000,10.0,1086,4899,5008
1609460097000000,10.01,1022,5321,4625
1609460098000000,9.99,937,5024,4929
1609460099000000,10.01,950,4594,5062
1609460100000000,9.99,809,4940,5461
1609460101000000,10.01,1166,4609,5318
1609460102000000,10.02,1148,4608,4556
1609460103000000,10.0,1126,4742,4884
1609460104000000,10.0,1198,4743,5357
1609460105000000,10.01,968,4529,5049
1609460106000000,10.04,1133,4772,4746
1609460107000000,10.07,1060,4699,5098
1609460108000000,10.02,943,5399,5452
1609460109000000,9.98,926,5466,5405
1609460110000000,9.93,1135,4661,5219
1609460111000000,9.95,893,4570,5483
1609460112000000,9.94,855,4863,4705
1609460113000000,9.9,1159,4744,5005
1609460114000000,9.9,905,4616,5462
1609460115000000,9.9,1022,5403,5130
1609460116000000,9.92,1009,4620,5374
1609460117000000,9.9,997,4859,5053
1609460118000000,9.93,803,4564,4586
1609460119000000,9.95,892,4852,4799
1609460120000000,9.99,867,4755,4729
1609460121000000,9.95,915,4967,4764
1609460122000000,9.93,1048,4786,4731
1609460123000000,9.91,869,4909,5233
1609460124000000,9.92,803,5500,5094
1609460125000000,9.91,811,4902,5227
1609460126000000,9.9,987,4866,4976
1609460127000000,9.9,1083,5236,4715
1609460128000000,9.9,904,5149,5004
1609460129000000,9.9,927,4561,5026
1609460130000000,9.9,832,5209,5131
1609460131000000,9.91,853,5103,5161
1609460132000000,9.91,846,5097,4623
1609460133000000,9.91,819,4950,4555
1609460134000000,9.95,1045,5490,4917
1609460135000000,9.92,969,4646,5370
1609460136000000,9.94,1124,5344,5497
1609460137000000,9.98,1008,4987,5345
1609460138000000,10.01,811,5245,5288
1609460139000000,10.05,1082,5427,5244
1609460140000000,10.0,988,4585,4962
1609460141000000,9.98,854,5113,4508
1609460142000000,10.02,1157,4803,5426
1609460143000000,10.07,1027,4579,4892
1609460144000000,10.06,902,4870,5305
1609460145000000,10.1,916,5464,5475
1609460146000000,10.1,997,5215,5406
1609460147000000,10.1,817,5050,4794
1609460148000000,10.1,928,4865,4906
1609460149000000,10.08,1163,4521,4999
1609460150000000,10.07,1175,5076,4603
1609460151000000,10.05,1112,5047,4908
1609460152000000,10.0,1159,5285,5187
1609460153000000,10.02,959,4544,4874
1609460154000000,9.99,807,5336,4863
1609460155000000,9.95,1062,5148,5482
1609460156000000,9.97,1082,4772,4868
1609460157000000,10.01,919,4915,4661
1609460158000000,10.06,1151,4757,5025
1609460159000000,10.06,923,4703,4734
1609460160000000,10.05,1056,5116,4978
1609460161000000,10.01,816,5365,5224
1609460162000000,10.04,1028,4797,5430
1609460163000000,10.0,1197,4960,5033
1609460164000000,10.04,1058,5307,4617
1609460165000000,10.03,1038,5035,4831
1609460166000000,10.03,1194,5465,4539
1609460167000000,10.05,965,5231,5249
1609460168000000,10.03,1079,5160,5394
1609460169000000,10.03,818,5254,5080
1609460170000000,10.02,801,5377,5378
1609460171000000,10.05,979,4938,4867
1609460172000000,10.03,1044,4664,4822
1609460173000000,10.02,1061,5203,5346
1609460174000000,9.98,1091,4547,5238
1609460175000000,9.98,960,4675,4534
1609460176000000,9.99,890,5295,5357
1609460177000000,9.95,893,4654,4966
1609460178000000,10.0,1182,5102,4709
1609460179000000,9.95,895,4703,4612
1609460180000000,9.92,841,4749,4886
1609460181000000,9.9,920,4739,5326
1609460182000000,9.9,904,5327,5360
1609460183000000,9.9,923,4605,5161
1609460184000000,9.9,845,4660,4979
1609460185000000,9.93,1073,5441,4669
1609460186000000,9.9,917,5137,4586
1609460187000000,9.9,839,5253,4592
1609460188000000,9.9,930,5110,4981
1609460189000000,9.95,1113,4593,4701
1609460190000000,9.95,904,5173,4810
1609460191000000,9.97,987,4822,4611
1609460192000000,9.95,838,4982,5085
1609460193000000,9.9,991,5304,5405
1609460194000000,9.9,837,5206,5309
1609460195000000,9.9,883,4844,4957
1609460196000000,9.93,1196,4990,5037
1609460197000000,9.94,937,5343,5209
1609460198000000,9.91,848,4885,5071
1609460199000000,9.94,803,5380,4832
1609460200000000,11.0,9264,46320,23160
1609460201000000,11.02,7413,37065,18532
1609460202000000,11.03,10448,52240,26120
1609460203000000,11.04,8521,42605,21302
1609460204000000,11.05,7710,38550,19275
1609460205000000,11.09,8586,42930,21465
1609460206000000,11.16,10631,53155,26577
1609460207000000,11.22,10530,52650,26325
1609460208000000,11.28,7941,39705,19852
1609460209000000,11.3,10937,54685,27342
1609460210000000,11.32,8503,42515,21257
1609460211000000,11.36,9982,49910,24955
1609460212000000,11.41,9550,47750,23875
1609460213000000,11.49,8954,44770,22385
1609460214000000,11.52,10993,54965,27482
1609460215000000,11.57,9626,48130,24065
1609460216000000,11.63,10800,54000,27000
1609460217000000,11.65,10500,52500,26250
1609460218000000,11.66,8586,42930,21465
1609460219000000,11.69,8424,42120,21060
1609460220000000,11.7,8745,43725,21862
1609460221000000,11.75,9231,46155,23077
1609460222000000,11.83,9790,48950,24475
1609460223000000,11.9,7558,37790,18895
1609460224000000,11.91,8591,42955,21477
1609460225000000,11.94,8979,44895,22447
1609460226000000,11.98,7912,39560,19780
1609460227000000,12.0,8140,40700,20350
1609460228000000,12.0,8012,40060,20030
1609460229000000,12.0,11040,55200,27600
1609460230000000,12.0,7542,37710,18855
1609460231000000,12.0,10165,50825,25412
1609460232000000,12.0,9775,48875,24437
1609460233000000,12.0,9520,47600,23800
1609460234000000,12.0,9475,47375,23687
1609460235000000,12.0,9521,47605,23802
1609460236000000,12.0,9113,45565,22782
1609460237000000,12.0,8667,43335,21667
1609460238000000,12.0,8909,44545,22272
1609460239000000,12.0,10570,52850,26425
1609460240000000,12.0,8316,41580,20790
1609460241000000,12.0,8509,42545,21272
1609460242000000,12.0,8672,43360,21680
1609460243000000,12.0,8013,40065,20032
1609460244000000,12.0,8946,44730,22365
1609460245000000,12.0,9073,45365,22682
1609460246000000,12.0,8457,42285,21142
1609460247000000,12.0,8934,44670,22335
1609460248000000,12.0,7669,38345,19172
1609460249000000,12.0,7702,38510,19255
1609460250000000,12.0,10543,52715,26357
1609460251000000,12.0,9052,45260,22630
1609460252000000,12.0,9001,45005,22502
1609460253000000,12.0,8243,41215,20607
1609460254000000,12.0,10316,51580,25790
1609460255000000,12.0,8356,41780,20890
1609460256000000,12.0,11105,55525,27762
1609460257000000,12.0,10400,52000,26000
1609460258000000,12.0,10561,52805,26402
1609460259000000,12.0,9004,45020,22510
1609460260000000,12.0,9101,45505,22752
1609460261000000,12.0,9599,47995,23997
1609460262000000,12.0,8025,40125,20062
1609460263000000,12.0,8061,40305,20152
1609460264000000,12.0,8626,43130,21565
1609460265000000,12.0,7810,39050,19525
1609460266000000,12.0,8466,42330,21165
1609460267000000,12.0,8432,42160,21080
1609460268000000,12.0,9663,48315,24157
1609460269000000,12.0,7831,39155,19577
1609460270000000,12.0,8503,42515,21257
1609460271000000,12.0,10075,50375,25187
1609460272000000,12.0,9552,47760,23880
1609460273000000,12.0,8404,42020,21010
1609460274000000,12.0,9757,48785,24392
1609460275000000,12.0,8118,40590,20295
1609460276000000,12.0,8414,42070,21035
1609460277000000,12.0,10215,51075,25537
1609460278000000,12.0,10198,50990,25495
1609460279000000,12.0,9723,48615,24307
1609460280000000,12.0,10498,52490,26245
1609460281000000,12.0,11099,55495,27747
1609460282000000,12.0,7989,39945,19972
1609460283000000,12.0,11005,55025,27512
1609460284000000,12.0,9179,45895,22947
1609460285000000,12.0,10753,53765,26882
1609460286000000,12.0,7914,39570,19785
1609460287000000,12.0,9079,45395,22697
1609460288000000,12.0,10183,50915,25457
1609460289000000,12.0,10047,50235,25117
1609460290000000,12.0,9816,49080,24540
1609460291000000,12.0,8021,40105,20052
1609460292000000,12.0,8270,41350,20675
1609460293000000,12.0,8139,40695,20347
1609460294000000,12.0,9859,49295,24647
1609460295000000,12.0,8908,44540,22270
1609460296000000,12.0,9126,45630,22815
1609460297000000,12.0,9974,49870,24935
1609460298000000,12.0,9682,48410,24205
1609460299000000,12.0,7952,39760,19880
1609460300000000,12.0,9230,46150,23075
1609460301000000,12.0,10462,52310,26155
1609460302000000,12.0,9690,48450,24225
1609460303000000,12.0,9549,47745,23872
1609460304000000,12.0,7794,38970,19485
1609460305000000,12.0,9555,47775,23887
1609460306000000,12.0,11054,55270,27635
1609460307000000,12.0,9706,48530,24265
1609460308000000,12.0,8406,42030,21015
1609460309000000,12.0,10091,50455,25227
1609460310000000,12.0,8525,42625,21312
1609460311000000,12.0,10494,52470,26235
1609460312000000,12.0,9693,48465,24232
1609460313000000,12.0,7979,39895,19947
1609460314000000,12.0,8632,43160,21580
1609460315000000,12.0,9520,47600,23800
1609460316000000,12.0,10669,53345,26672
1609460317000000,12.0,9355,46775,23387
1609460318000000,12.0,7988,39940,19970
1609460319000000,12.0,8177,40885,20442
1609460320000000,12.0,10282,51410,25705
1609460321000000,12.0,9308,46540,23270
1609460322000000,12.0,9412,47060,23530
1609460323000000,12.0,8480,42400,21200
1609460324000000,12.0,11088,55440,27720
1609460325000000,12.0,10986,54930,27465
1609460326000000,12.0,9701,48505,24252
1609460327000000,12.0,9752,48760,24380
1609460328000000,12.0,9489,47445,23722
1609460329000000,12.0,11077,55385,27692
1609460330000000,12.0,8033,40165,20082
1609460331000000,12.0,10971,54855,27427
1609460332000000,12.0,10446,52230,26115
1609460333000000,12.0,11017,55085,27542
1609460334000000,12.0,8852,44260,22130
1609460335000000,12.0,10177,50885,25442
1609460336000000,12.0,10336,51680,25840
1609460337000000,12.0,8915,44575,22287
1609460338000000,12.0,7916,39580,19790
1609460339000000,12.0,9193,45965,22982
1609460340000000,12.0,8173,40865,20432
1609460341000000,12.0,9534,47670,23835
1609460342000000,12.0,8862,44310,22155
1609460343000000,12.0,10644,53220,26610
1609460344000000,12.0,8910,44550,22275
1609460345000000,12.0,8919,44595,22297
1609460346000000,12.0,10862,54310,27155
1609460347000000,12.0,9253,46265,23132
1609460348000000,12.0,10389,51945,25972
1609460349000000,12.0,10096,50480,25240
1609460350000000,12.0,8440,42200,21100
1609460351000000,12.0,9127,45635,22817
1609460352000000,12.0,10717,53585,26792
1609460353000000,12.0,7855,39275,19637
1609460354000000,12.0,7418,37090,18545
1609460355000000,12.0,9876,49380,24690
1609460356000000,12.0,7984,39920,19960
1609460357000000,12.0,8366,41830,20915
1609460358000000,12.0,7614,38070,19035
1609460359000000,12.0,9371,46855,23427
1609460360000000,12.0,10172,50860,25430
1609460361000000,12.0,10763,53815,26907
1609460362000000,12.0,10979,54895,27447
1609460363000000,12.0,7638,38190,19095
1609460364000000,12.0,8454,42270,21135
1609460365000000,12.0,9806,49030,24515
1609460366000000,12.0,7805,39025,19512
1609460367000000,12.0,8071,40355,20177
1609460368000000,12.0,8032,40160,20080
1609460369000000,12.0,8491,42455,21227
1609460370000000,12.0,7740,38700,19350
1609460371000000,12.0,9274,46370,23185
1609460372000000,12.0,7623,38115,19057
1609460373000000,12.0,10261,51305,25652
1609460374000000,12.0,7600,38000,19000
1609460375000000,12.0,9943,49715,24857
1609460376000000,12.0,7787,38935,19467
1609460377000000,12.0,10080,50400,25200
1609460378000000,12.0,8775,43875,21937
1609460379000000,12.0,10744,53720,26860
1609460380000000,12.0,10080,50400,25200
1609460381000000,12.0,7918,39590,19795
1609460382000000,12.0,10407,52035,26017
1609460383000000,12.0,11065,55325,27662
1609460384000000,12.0,8690,43450,21725
1609460385000000,12.0,10912,54560,27280
1609460386000000,12.0,10908,54540,27270
1609460387000000,12.0,9196,45980,22990
1609460388000000,12.0,8635,43175,21587
1609460389000000,12.0,9616,48080,24040
1609460390000000,12.0,10100,50500,25250
1609460391000000,12.0,11095,55475,27737
1609460392000000,12.0,8846,44230,22115
1609460393000000,12.0,7784,38920,19460
1609460394000000,12.0,7861,39305,19652
1609460395000000,12.0,7561,37805,18902
1609460396000000,12.0,8797,43985,21992
1609460397000000,12.0,7881,39405,19702
1609460398000000,12.0,10562,52810,26405
1609460399000000,12.0,11086,55430,27715
1609460400000000,12.0,10418,52090,26045
1609460401000000,12.0,10986,54930,27465
1609460402000000,12.0,10603,53015,26507
1609460403000000,12.0,10496,52480,26240
1609460404000000,12.0,9976,49880,24940
1609460405000000,12.0,10983,54915,27457
1609460406000000,12.0,9901,49505,24752
1609460407000000,12.0,10614,53070,26535
1609460408000000,12.0,7820,39100,19550
1609460409000000,12.0,9224,46120,23060
1609460410000000,12.0,10630,53150,26575
1609460411000000,12.0,8567,42835,21417
1609460412000000,12.0,8968,44840,22420
1609460413000000,12.0,11091,55455,27727
1609460414000000,12.0,7609,38045,19022
1609460415000000,12.0,9000,45000,22500
1609460416000000,12.0,7713,38565,19282
1609460417000000,12.0,7605,38025,19012
1609460418000000,12.0,7584,37920,18960
1609460419000000,12.0,10438,52190,26095
1609460420000000,12.0,10005,50025,25012
1609460421000000,12.0,8766,43830,21915
1609460422000000,12.0,8454,42270,21135
1609460423000000,12.0,8453,42265,21132
1609460424000000,12.0,9664,48320,24160
1609460425000000,12.0,10905,54525,27262
1609460426000000,12.0,9481,47405,23702
1609460427000000,12.0,10530,52650,26325
1609460428000000,12.0,10969,54845,27422
1609460429000000,12.0,9468,47340,23670
1609460430000000,12.0,10227,51135,25567
1609460431000000,12.0,8113,40565,20282
1609460432000000,12.0,10461,52305,26152
1609460433000000,12.0,9118,45590,22795
1609460434000000,12.0,8387,41935,20967
1609460435000000,12.0,10452,52260,26130
1609460436000000,12.0,11034,55170,27585
1609460437000000,12.0,9604,48020,24010
1609460438000000,12.0,7992,39960,19980
1609460439000000,12.0,8250,41250,20625
1609460440000000,12.0,10883,54415,27207
1609460441000000,12.0,8235,41175,20587
1609460442000000,12.0,7769,38845,19422
1609460443000000,12.0,8949,44745,22372
1609460444000000,12.0,10286,51430,25715
1609460445000000,12.0,9349,46745,23372
1609460446000000,12.0,8975,44875,22437
1609460447000000,12.0,8776,43880,21940
1609460448000000,12.0,9470,47350,23675
1609460449000000,12.0,9226,46130,23065
1609460450000000,12.0,8860,44300,22150
1609460451000000,12.0,9720,48600,24300
1609460452000000,12.0,9749,48745,24372
1609460453000000,12.0,9049,45245,22622
1609460454000000,12.0,10903,54515,27257
1609460455000000,12.0,9965,49825,24912
1609460456000000,12.0,8466,42330,21165
1609460457000000,12.0,7699,38495,19247
1609460458000000,12.0,10704,53520,26760
1609460459000000,12.0,7681,38405,19202
1609460460000000,12.0,11114,55570,27785
1609460461000000,12.0,9820,49100,24550
1609460462000000,12.0,9007,45035,22517
1609460463000000,12.0,10051,50255,25127
1609460464000000,12.0,10651,53255,26627
1609460465000000,12.0,10790,53950,26975
1609460466000000,12.0,9933,49665,24832
1609460467000000,12.0,8740,43700,21850
1609460468000000,12.0,10460,52300,26150
1609460469000000,12.0,9364,46820,23410
1609460470000000,12.0,10551,52755,26377
1609460471000000,12.0,8523,42615,21307
1609460472000000,12.0,10159,50795,25397
1609460473000000,12.0,8532,42660,21330
1609460474000000,12.0,10150,50750,25375
1609460475000000,12.0,9568,47840,23920
1609460476000000,12.0,8437,42185,21092
1609460477000000,12.0,9741,48705,24352
1609460478000000,12.0,9154,45770,22885
1609460479000000,12.0,8186,40930,20465
1609460480000000,12.0,10687,53435,26717
1609460481000000,12.0,9736,48680,24340
1609460482000000,12.0,7854,39270,19635
1609460483000000,12.0,10537,52685,26342
1609460484000000,12.0,9059,45295,22647
1609460485000000,12.0,9251,46255,23127
1609460486000000,12.0,10712,53560,26780
1609460487000000,12.0,10000,50000,25000
1609460488000000,12.0,7858,39290,19645
1609460489000000,12.0,8085,40425,20212
1609460490000000,12.0,9319,46595,23297
1609460491000000,12.0,7692,38460,19230
1609460492000000,12.0,10604,53020,26510
1609460493000000,12.0,10522,52610,26305
1609460494000000,12.0,10253,51265,25632
1609460495000000,12.0,8407,42035,21017
1609460496000000,12.0,7467,37335,18667
1609460497000000,12.0,11043,55215,27607
1609460498000000,12.0,9546,47730,23865
1609460499000000,12.0,11003,55015,27507
1609460500000000,12.0,7690,38450,19225
1609460501000000,12.0,7417,37085,18542
1609460502000000,12.0,7753,38765,19382
1609460503000000,12.0,11035,55175,27587
1609460504000000,12.0,9487,47435,23717
1609460505000000,12.0,8654,43270,21635
1609460506000000,12.0,11047,55235,27617
1609460507000000,12.0,8115,40575,20287
1609460508000000,12.0,10143,50715,25357
1609460509000000,12.0,10429,52145,26072
1609460510000000,12.0,10078,50390,25195
1609460511000000,12.0,10122,50610,25305
1609460512000000,12.0,11088,55440,27720
1609460513000000,12.0,8892,44460,22230
1609460514000000,12.0,8122,40610,20305
1609460515000000,12.0,10587,52935,26467
1609460516000000,12.0,9806,49030,24515
1609460517000000,12.0,10262,51310,25655
1609460518000000,12.0,8245,41225,20612
1609460519000000,12.0,9376,46880,23440
1609460520000000,12.0,10458,52290,26145
1609460521000000,12.0,7490,37450,18725
1609460522000000,12.0,10221,51105,25552
1609460523000000,12.0,9422,47110,23555
1609460524000000,12.0,9302,46510,23255
1609460525000000,12.0,10266,51330,25665
1609460526000000,12.0,7618,38090,19045
1609460527000000,12.0,8683,43415,21707
1609460528000000,12.0,8397,41985,20992
1609460529000000,12.0,9957,49785,24892
1609460530000000,12.0,8917,44585,22292
1609460531000000,12.0,7426,37130,18565
1609460532000000,12.0,8229,41145,20572
1609460533000000,12.0,7954,39770,19885
1609460534000000,12.0,10495,52475,26237
1609460535000000,12.0,10837,54185,27092
1609460536000000,12.0,7911,39555,19777
1609460537000000,12.0,10849,54245,27122
1609460538000000,12.0,8789,43945,21972
1609460539000000,12.0,8405,42025,21012
1609460540000000,12.0,11011,55055,27527
1609460541000000,12.0,9806,49030,24515
1609460542000000,12.0,10009,50045,25022
1609460543000000,12.0,9555,47775,23887
1609460544000000,12.0,10922,54610,27305
1609460545000000,12.0,9873,49365,24682
1609460546000000,12.0,9481,47405,23702
1609460547000000,12.0,10500,52500,26250
1609460548000000,12.0,8142,40710,20355
1609460549000000,12.0,9010,45050,22525
1609460550000000,12.0,10281,51405,25702
1609460551000000,12.0,10786,53930,26965
1609460552000000,12.0,9159,45795,22897
1609460553000000,12.0,8535,42675,21337
1609460554000000,12.0,9892,49460,24730
1609460555000000,12.0,9979,49895,24947
1609460556000000,12.0,7844,39220,19610
1609460557000000,12.0,8386,41930,20965
1609460558000000,12.0,8777,43885,21942
1609460559000000,12.0,9480,47400,23700
1609460560000000,12.0,8862,44310,22155
1609460561000000,12.0,10128,50640,25320
1609460562000000,12.0,8115,40575,20287
1609460563000000,12.0,8762,43810,21905
1609460564000000,12.0,7637,38185,19092
1609460565000000,12.0,7945,39725,19862
1609460566000000,12.0,9309,46545,23272
1609460567000000,12.0,9430,47150,23575
1609460568000000,12.0,7543,37715,18857
1609460569000000,12.0,8248,41240,20620
1609460570000000,12.0,8451,42255,21127
1609460571000000,12.0,8589,42945,21472
1609460572000000,12.0,10185,50925,25462
1609460573000000,12.0,9633,48165,24082
1609460574000000,12.0,9745,48725,24362
1609460575000000,12.0,9647,48235,24117
1609460576000000,12.0,7831,39155,19577
1609460577000000,12.0,7431,37155,18577
1609460578000000,12.0,8940,44700,22350
1609460579000000,12.0,7412,37060,18530
1609460580000000,12.0,9573,47865,23932
1609460581000000,12.0,10191,50955,25477
1609460582000000,12.0,11074,55370,27685
1609460583000000,12.0,8843,44215,22107
1609460584000000,12.0,9141,45705,22852
1609460585000000,12.0,7904,39520,19760
1609460586000000,12.0,8792,43960,21980
1609460587000000,12.0,7487,37435,18717
1609460588000000,12.0,9876,49380,24690
1609460589000000,12.0,9999,49995,24997
1609460590000000,12.0,10243,51215,25607
1609460591000000,12.0,10423,52115,26057
1609460592000000,12.0,8641,43205,21602
1609460593000000,12.0,7449,37245,18622
1609460594000000,12.0,9611,48055,24027
1609460595000000,12.0,8585,42925,21462
1609460596000000,12.0,9074,45370,22685
1609460597000000,12.0,10162,50810,25405
1609460598000000,12.0,10527,52635,26317
1609460599000000,12.0,9082,45410,22705
1609460600000000,12.0,7688,38440,19220
1609460601000000,12.0,10913,54565,27282
1609460602000000,12.0,9239,46195,23097
1609460603000000,12.0,10918,54590,27295
1609460604000000,12.0,9952,49760,24880
1609460605000000,12.0,10877,54385,27192
1609460606000000,12.0,7646,38230,19115
1609460607000000,12.0,11046,55230,27615
1609460608000000,12.0,7576,37880,18940
1609460609000000,12.0,9671,48355,24177
1609460610000000,12.0,9875,49375,24687
1609460611000000,12.0,8370,41850,20925
1609460612000000,12.0,10913,54565,27282
1609460613000000,12.0,8687,43435,21717
1609460614000000,12.0,10071,50355,25177
1609460615000000,12.0,8565,42825,21412
1609460616000000,12.0,8754,43770,21885
1609460617000000,12.0,9196,45980,22990
1609460618000000,12.0,10425,52125,26062
1609460619000000,12.0,10424,52120,26060
1609460620000000,12.0,7516,37580,18790
1609460621000000,12.0,10334,51670,25835
1609460622000000,12.0,8653,43265,21632
1609460623000000,12.0,8393,41965,20982
1609460624000000,12.0,9552,47760,23880
1609460625000000,12.0,10029,50145,25072
1609460626000000,12.0,10065,50325,25162
1609460627000000,12.0,8935,44675,22337
1609460628000000,12.0,9959,49795,24897
1609460629000000,12.0,10553,52765,26382
1609460630000000,12.0,9276,46380,23190
1609460631000000,12.0,8556,42780,21390
1609460632000000,12.0,8797,43985,21992
1609460633000000,12.0,8461,42305,21152
1609460634000000,12.0,10102,50510,25255
1609460635000000,12.0,8586,42930,21465
1609460636000000,12.0,7485,37425,18712
1609460637000000,12.0,8809,44045,22022
1609460638000000,12.0,9328,46640,23320
1609460639000000,12.0,7570,37850,18925
1609460640000000,12.0,8650,43250,21625
1609460641000000,12.0,10239,51195,25597
1609460642000000,12.0,7818,39090,19545
1609460643000000,12.0,10884,54420,27210
1609460644000000,12.0,9197,45985,22992
1609460645000000,12.0,10161,50805,25402
1609460646000000,12.0,10705,53525,26762
1609460647000000,12.0,9834,49170,24585
1609460648000000,12.0,10395,51975,25987
1609460649000000,12.0,7704,38520,19260
1609460650000000,12.0,9111,45555,22777
1609460651000000,12.0,10226,51130,25565
1609460652000000,12.0,9256,46280,23140
1609460653000000,12.0,10308,51540,25770
1609460654000000,12.0,8423,42115,21057
1609460655000000,12.0,9267,46335,23167
1609460656000000,12.0,7615,38075,19037
1609460657000000,12.0,8278,41390,20695
1609460658000000,12.0,11043,55215,27607
1609460659000000,12.0,10017,50085,25042
1609460660000000,12.0,9238,46190,23095
1609460661000000,12.0,7419,37095,18547
1609460662000000,12.0,9504,47520,23760
1609460663000000,12.0,9943,49715,24857
1609460664000000,12.0,9883,49415,24707
1609460665000000,12.0,7572,37860,18930
1609460666000000,12.0,8146,40730,20365
1609460667000000,12.0,7862,39310,19655
1609460668000000,12.0,7597,37985,18992
1609460669000000,12.0,9803,49015,24507
1609460670000000,12.0,8876,44380,22190
1609460671000000,12.0,9161,45805,22902
1609460672000000,12.0,7648,38240,19120
1609460673000000,12.0,7698,38490,19245
1609460674000000,12.0,10127,50635,25317
1609460675000000,12.0,7986,39930,19965
1609460676000000,12.0,9771,48855,24427
1609460677000000,12.0,10571,52855,26427
1609460678000000,12.0,7690,38450,19225
1609460679000000,12.0,10138,50690,25345
1609460680000000,12.0,8851,44255,22127
1609460681000000,12.0,8890,44450,22225
1609460682000000,12.0,10323,51615,25807
1609460683000000,12.0,7472,37360,18680
1609460684000000,12.0,7902,39510,19755
1609460685000000,12.0,10456,52280,26140
1609460686000000,12.0,11041,55205,27602
1609460687000000,12.0,8055,40275,20137
1609460688000000,12.0,10376,51880,25940
1609460689000000,12.0,8595,42975,21487
1609460690000000,12.0,7598,37990,18995
1609460691000000,12.0,9112,45560,22780
1609460692000000,12.0,10986,54930,27465
1609460693000000,12.0,10865,54325,27162
1609460694000000,12.0,7912,39560,19780
1609460695000000,12.0,10821,54105,27052
1609460696000000,12.0,7527,37635,18817
1609460697000000,12.0,10881,54405,27202
1609460698000000,12.0,10228,51140,25570
1609460699000000,12.0,9614,48070,24035
1609460700000000,12.04,5004,25020,12510
1609460701000000,12.07,5366,26830,13415
1609460702000000,12.1,6669,33345,16672
1609460703000000,12.14,4702,23510,11755
1609460704000000,12.17,6595,32975,16487
1609460705000000,12.19,6793,33965,16982
1609460706000000,12.23,5878,29390,14695
1609460707000000,12.26,4973,24865,12432
1609460708000000,12.3,7072,35360,17680
1609460709000000,12.32,5486,27430,13715
1609460710000000,12.37,7182,35910,17955
1609460711000000,12.4,4902,24510,12255
1609460712000000,12.41,5475,27375,13687
1609460713000000,12.46,6459,32295,16147
1609460714000000,12.5,7197,35985,17992
1609460715000000,12.52,6206,31030,15515
1609460716000000,12.54,5108,25540,12770
1609460717000000,12.54,4949,24745,12372
1609460718000000,12.58,5648,28240,14120
1609460719000000,12.62,5611,28055,14027
1609460720000000,12.63,4860,24300,12150
1609460721000000,12.67,4840,24200,12100
1609460722000000,12.71,6468,32340,16170
1609460723000000,12.75,6567,32835,16417
1609460724000000,12.78,6082,30410,15205
1609460725000000,12.83,5645,28225,14112
1609460726000000,12.86,7245,36225,18112
1609460727000000,12.87,6378,31890,15945
1609460728000000,12.89,6710,33550,16775
1609460729000000,12.91,6038,30190,15095
1609460730000000,12.92,5540,27700,13850
1609460731000000,12.93,6650,33250,16625
1609460732000000,12.94,7295,36475,18237
1609460733000000,12.96,5768,28840,14420
1609460734000000,12.97,4741,23705,11852
1609460735000000,13.02,6073,30365,15182
1609460736000000,13.06,5727,28635,14317
1609460737000000,13.09,4952,24760,12380
1609460738000000,13.1,5564,27820,13910
1609460739000000,13.14,5533,27665,13832
1609460740000000,13.19,5943,29715,14857
1609460741000000,13.2,5339,26695,13347
1609460742000000,13.25,7182,35910,17955
1609460743000000,13.27,7200,36000,18000
1609460744000000,13.29,4956,24780,12390
1609460745000000,13.32,5089,25445,12722
1609460746000000,13.34,7326,36630,18315
1609460747000000,13.35,6492,32460,16230
1609460748000000,13.38,6098,30490,15245
1609460749000000,13.41,6133,30665,15332
1609460750000000,13.44,4738,23690,11845
1609460751000000,13.46,6036,30180,15090
1609460752000000,13.47,7158,35790,17895
1609460753000000,13.5,4833,24165,12082
1609460754000000,13.54,6865,34325,17162
1609460755000000,13.56,6226,31130,15565
1609460756000000,13.6,7058,35290,17645
1609460757000000,13.64,5765,28825,14412
1609460758000000,13.66,4989,24945,12472
1609460759000000,13.71,6715,33575,16787
1609460760000000,13.76,6492,32460,16230
1609460761000000,13.8,6424,32120,16060
1609460762000000,13.82,5703,28515,14257
1609460763000000,13.84,7092,35460,17730
1609460764000000,13.86,6936,34680,17340
1609460765000000,13.9,5038,25190,12595
1609460766000000,13.93,5559,27795,13897
1609460767000000,13.95,7037,35185,17592
1609460768000000,13.99,6006,30030,15015
1609460769000000,14.0,7116,35580,17790
1609460770000000,14.0,5102,25510,12755
1609460771000000,14.0,7265,36325,18162
1609460772000000,14.0,4822,24110,12055
1609460773000000,14.0,5086,25430,12715
1609460774000000,14.0,5376,26880,13440
1609460775000000,14.0,6024,30120,15060
1609460776000000,14.0,6994,34970,17485
1609460777000000,14.0,6080,30400,15200
1609460778000000,14.0,5572,27860,13930
1609460779000000,14.0,5253,26265,13132
1609460780000000,14.0,4754,23770,11885
1609460781000000,14.0,5716,28580,14290
1609460782000000,14.0,6778,33890,16945
1609460783000000,14.0,6765,33825,16912
1609460784000000,14.0,5161,25805,12902
1609460785000000,14.0,6207,31035,15517
1609460786000000,14.0,6533,32665,16332
1609460787000000,14.0,7310,36550,18275
1609460788000000,14.0,5156,25780,12890
1609460789000000,14.0,6454,32270,16135
1609460790000000,14.0,7155,35775,17887
1609460791000000,14.0,6037,30185,15092
1609460792000000,14.0,5856,29280,14640
1609460793000000,14.0,7103,35515,17757
1609460794000000,14.0,4666,23330,11665
1609460795000000,14.0,5507,27535,13767
1609460796000000,14.0,4700,23500,11750
1609460797000000,14.0,6724,33620,16810
1609460798000000,14.0,5780,28900,14450
1609460799000000,14.0,5544,27720,13860
1609460800000000,14.0,6516,32580,16290
1609460801000000,14.0,6869,34345,17172
1609460802000000,14.0,5130,25650,12825
1609460803000000,14.0,5100,25500,12750
1609460804000000,14.0,6718,33590,16795
1609460805000000,14.0,6684,33420,16710
1609460806000000,14.0,6759,33795,16897
1609460807000000,14.0,6954,34770,17385
1609460808000000,14.0,7131,35655,17827
1609460809000000,14.0,5987,29935,14967
1609460810000000,14.0,7123,35615,17807
1609460811000000,14.0,5402,27010,13505
1609460812000000,14.0,5224,26120,13060
1609460813000000,14.0,5071,25355,12677
1609460814000000,14.0,6737,33685,16842
1609460815000000,14.0,7181,35905,17952
1609460816000000,14.0,7046,35230,17615
1609460817000000,14.0,7136,35680,17840
1609460818000000,14.0,5128,25640,12820
1609460819000000,14.0,6238,31190,15595
1609460820000000,14.0,5735,28675,14337
1609460821000000,14.0,4850,24250,12125
1609460822000000,14.0,5490,27450,13725
1609460823000000,14.0,4767,23835,11917
1609460824000000,14.0,5942,29710,14855
1609460825000000,14.0,7083,35415,17707
1609460826000000,14.0,5092,25460,12730
1609460827000000,14.0,6339,31695,15847
1609460828000000,14.0,6019,30095,15047
1609460829000000,14.0,7325,36625,18312
1609460830000000,14.0,6756,33780,16890
1609460831000000,14.0,5401,27005,13502
1609460832000000,14.0,6025,30125,15062
1609460833000000,14.0,6220,31100,15550
1609460834000000,14.0,6796,33980,16990
1609460835000000,14.0,5198,25990,12995
1609460836000000,14.0,6966,34830,17415
1609460837000000,14.0,5294,26470,13235
1609460838000000,14.0,6543,32715,16357
1609460839000000,14.0,5867,29335,14667
1609460840000000,14.0,6504,32520,16260
1609460841000000,14.0,5087,25435,12717
1609460842000000,14.0,4776,23880,11940
1609460843000000,14.0,5492,27460,13730
1609460844000000,14.0,6730,33650,16825
1609460845000000,14.0,5460,27300,13650
1609460846000000,14.0,4635,23175,11587
1609460847000000,14.0,7033,35165,17582
1609460848000000,14.0,5096,25480,12740
1609460849000000,14.0,4960,24800,12400
1609460850000000,14.0,5681,28405,14202
1609460851000000,14.0,5853,29265,14632
1609460852000000,14.0,6153,30765,15382
1609460853000000,14.0,5861,29305,14652
1609460854000000,14.0,5431,27155,13577
1609460855000000,14.0,4853,24265,12132
1609460856000000,14.0,5690,28450,14225
1609460857000000,14.0,5076,25380,12690
1609460858000000,14.0,6649,33245,16622
1609460859000000,14.0,6221,31105,15552
1609460860000000,14.0,7205,36025,18012
1609460861000000,14.0,5597,27985,13992
1609460862000000,14.0,5098,25490,12745
1609460863000000,14.0,5914,29570,14785
1609460864000000,14.0,5291,26455,13227
1609460865000000,14.0,4710,23550,11775
1609460866000000,14.0,7086,35430,17715
1609460867000000,14.0,5783,28915,14457
1609460868000000,14.0,4812,24060,12030
1609460869000000,14.0,6499,32495,16247
1609460870000000,14.0,6384,31920,15960
1609460871000000,14.0,4692,23460,11730
1609460872000000,14.0,4974,24870,12435
1609460873000000,14.0,5766,28830,14415
1609460874000000,14.0,5163,25815,12907
1609460875000000,14.0,4720,23600,11800
1609460876000000,14.0,6958,34790,17395
1609460877000000,14.0,5645,28225,14112
1609460878000000,14.0,7318,36590,18295
1609460879000000,14.0,6541,32705,16352
1609460880000000,14.0,5318,26590,13295
1609460881000000,14.0,5518,27590,13795
1609460882000000,14.0,7088,35440,17720
1609460883000000,14.0,6934,34670,17335
1609460884000000,14.0,5602,28010,14005
1609460885000000,14.0,4931,24655,12327
1609460886000000,14.0,6756,33780,16890
1609460887000000,14.0,7101,35505,17752
1609460888000000,14.0,6664,33320,16660
1609460889000000,14.0,6694,33470,16735
1609460890000000,14.0,6551,32755,16377
1609460891000000,14.0,7129,35645,17822
1609460892000000,14.0,5076,25380,12690
1609460893000000,14.0,6477,32385,16192
1609460894000000,14.0,6337,31685,15842
1609460895000000,14.0,5880,29400,14700
1609460896000000,14.0,6135,30675,15337
1609460897000000,14.0,5802,29010,14505
1609460898000000,14.0,5242,26210,13105
1609460899000000,14.0,4924,24620,12310
1609460900000000,14.0,7091,35455,17727
1609460901000000,14.0,6768,33840,16920
1609460902000000,14.0,6786,33930,16965
1609460903000000,14.0,5573,27865,13932
1609460904000000,14.0,6091,30455,15227
1609460905000000,14.0,6633,33165,16582
1609460906000000,14.0,5290,26450,13225
1609460907000000,14.0,5633,28165,14082
1609460908000000,14.0,5017,25085,12542
1609460909000000,14.0,5112,25560,12780
1609460910000000,14.0,6505,32525,16262
1609460911000000,14.0,4878,24390,12195
1609460912000000,14.0,7042,35210,17605
1609460913000000,14.0,6574,32870,16435
1609460914000000,14.0,5970,29850,14925
1609460915000000,14.0,5905,29525,14762
1609460916000000,14.0,5199,25995,12997
1609460917000000,14.0,5379,26895,13447
1609460918000000,14.0,4767,23835,11917
1609460919000000,14.0,6769,33845,16922
1609460920000000,14.0,6959,34795,17397
1609460921000000,14.0,6699,33495,16747
1609460922000000,14.0,6861,34305,17152
1609460923000000,14.0,6564,32820,16410
1609460924000000,14.0,6238,31190,15595
1609460925000000,14.0,4997,24985,12492
1609460926000000,14.0,4810,24050,12025
1609460927000000,14.0,5513,27565,13782
1609460928000000,14.0,6550,32750,16375
1609460929000000,14.0,5077,25385,12692
1609460930000000,14.0,6967,34835,17417
1609460931000000,14.0,6776,33880,16940
1609460932000000,14.0,6794,33970,16985
1609460933000000,14.0,7244,36220,18110
1609460934000000,14.0,7092,35460,17730
1609460935000000,14.0,5817,29085,14542
1609460936000000,14.0,6987,34935,17467
1609460937000000,14.0,7288,36440,18220
1609460938000000,14.0,5013,25065,12532
1609460939000000,14.0,5913,29565,14782
1609460940000000,14.0,6016,30080,15040
1609460941000000,14.0,5608,28040,14020
1609460942000000,14.0,5291,26455,13227
1609460943000000,14.0,7126,35630,17815
1609460944000000,14.0,6628,33140,16570
1609460945000000,14.0,4726,23630,11815
1609460946000000,14.0,6612,33060,16530
1609460947000000,14.0,5661,28305,14152
1609460948000000,14.0,5875,29375,14687
1609460949000000,14.0,4737,23685,11842
1609460950000000,14.0,6715,33575,16787
1609460951000000,14.0,4883,24415,12207
1609460952000000,14.0,6032,30160,15080
1609460953000000,14.0,4634,23170,11585
1609460954000000,14.0,5384,26920,13460
1609460955000000,14.0,7364,36820,18410
1609460956000000,14.0,6081,30405,15202
1609460957000000,14.0,6376,31880,15940
1609460958000000,14.0,5871,29355,14677
1609460959000000,14.0,5898,29490,14745
1609460960000000,14.0,6149,30745,15372
1609460961000000,14.0,4866,24330,12165
1609460962000000,14.0,6192,30960,15480
1609460963000000,14.0,5722,28610,14305
1609460964000000,14.0,6621,33105,16552
1609460965000000,14.0,6674,33370,16685
1609460966000000,14.0,7348,36740,18370
1609460967000000,14.0,7232,36160,18080
1609460968000000,14.0,5477,27385,13692
1609460969000000,14.0,6708,33540,16770
1609460970000000,14.0,5589,27945,13972
1609460971000000,14.0,4858,24290,12145
1609460972000000,14.0,6734,33670,16835
1609460973000000,14.0,6837,34185,17092
1609460974000000,14.0,7356,36780,18390
1609460975000000,14.0,5431,27155,13577
1609460976000000,14.0,6526,32630,16315
1609460977000000,14.0,6466,32330,16165
1609460978000000,14.0,5157,25785,12892
1609460979000000,14.0,5894,29470,14735
1609460980000000,14.0,6642,33210,16605
1609460981000000,14.0,5071,25355,12677
1609460982000000,14.0,4953,24765,12382
1609460983000000,14.0,7090,35450,17725
1609460984000000,14.0,6164,30820,15410
1609460985000000,14.0,5797,28985,14492
1609460986000000,14.0,5879,29395,14697
1609460987000000,14.0,6521,32605,16302
1609460988000000,14.0,5997,29985,14992
1609460989000000,14.0,6967,34835,17417
1609460990000000,14.0,5219,26095,13047
1609460991000000,14.0,5577,27885,13942
1609460992000000,14.0,4744,23720,11860
1609460993000000,14.0,7095,35475,17737
1609460994000000,14.0,5640,28200,14100
1609460995000000,14.0,7183,35915,17957
1609460996000000,14.0,5920,29600,14800
1609460997000000,14.0,5822,29110,14555
1609460998000000,14.0,5546,27730,13865
1609460999000000,14.0,5079,25395,12697
1609461000000000,14.0,5018,25090,12545
1609461001000000,14.0,6402,32010,16005
1609461002000000,14.0,4808,24040,12020
1609461003000000,14.0,7089,35445,17722
1609461004000000,14.0,6265,31325,15662
1609461005000000,14.0,5024,25120,12560
1609461006000000,14.0,5090,25450,12725
1609461007000000,14.0,5782,28910,14455
1609461008000000,14.0,5501,27505,13752
1609461009000000,14.0,6323,31615,15807
1609461010000000,14.0,7208,36040,18020
1609461011000000,14.0,5092,25460,12730
1609461012000000,14.0,6682,33410,16705
1609461013000000,14.0,5655,28275,14137
1609461014000000,14.0,5904,29520,14760
1609461015000000,14.0,6063,30315,15157
1609461016000000,14.0,5943,29715,14857
1609461017000000,14.0,6421,32105,16052
1609461018000000,14.0,6566,32830,16415
1609461019000000,14.0,6516,32580,16290
1609461020000000,14.0,5640,28200,14100
1609461021000000,14.0,6624,33120,16560
1609461022000000,14.0,5922,29610,14805
1609461023000000,14.0,5841,29205,14602
1609461024000000,14.0,6140,30700,15350
1609461025000000,14.0,4699,23495,11747
1609461026000000,14.0,6311,31555,15777
1609461027000000,14.0,6086,30430,15215
1609461028000000,14.0,5898,29490,14745
1609461029000000,14.0,6728,33640,16820
1609461030000000,14.0,6316,31580,15790
1609461031000000,14.0,6209,31045,15522
1609461032000000,14.0,5688,28440,14220
1609461033000000,14.0,6368,31840,15920
1609461034000000,14.0,5448,27240,13620
1609461035000000,14.0,5094,25470,12735
1609461036000000,14.0,5187,25935,12967
1609461037000000,14.0,7004,35020,17510
1609461038000000,14.0,6551,32755,16377
1609461039000000,14.0,5125,25625,12812
1609461040000000,14.0,5562,27810,13905
1609461041000000,14.0,5755,28775,14387
1609461042000000,14.0,7205,36025,18012
1609461043000000,14.0,5532,27660,13830
1609461044000000,14.0,6491,32455,16227
1609461045000000,14.0,6037,30185,15092
1609461046000000,14.0,5696,28480,14240
1609461047000000,14.0,5527,27635,13817
1609461048000000,14.0,7016,35080,17540
1609461049000000,14.0,6469,32345,16172
1609461050000000,14.0,6533,32665,16332
1609461051000000,14.0,7180,35900,17950
1609461052000000,14.0,6780,33900,16950
1609461053000000,14.0,5262,26310,13155
1609461054000000,14.0,5981,29905,14952
1609461055000000,14.0,6034,30170,15085
1609461056000000,14.0,5058,25290,12645
1609461057000000,14.0,5287,26435,13217
1609461058000000,14.0,5134,25670,12835
1609461059000000,14.0,4752,23760,11880
1609461060000000,14.0,6763,33815,16907
1609461061000000,14.0,6360,31800,15900
1609461062000000,14.0,6232,31160,15580
1609461063000000,14.0,7070,35350,17675
1609461064000000,14.0,5500,27500,13750
1609461065000000,14.0,6863,34315,17157
1609461066000000,14.0,5656,28280,14140
1609461067000000,14.0,6097,30485,15242
1609461068000000,14.0,5031,25155,12577
1609461069000000,14.0,5931,29655,14827
1609461070000000,14.0,5538,27690,13845
1609461071000000,14.0,6885,34425,17212
1609461072000000,14.0,6604,33020,16510
1609461073000000,14.0,5776,28880,14440
1609461074000000,14.0,6588,32940,16470
1609461075000000,14.0,5671,28355,14177
1609461076000000,14.0,4979,24895,12447
1609461077000000,14.0,5940,29700,14850
1609461078000000,14.0,6393,31965,15982
1609461079000000,14.0,6749,33745,16872
1609461080000000,14.0,6554,32770,16385
1609461081000000,14.0,6217,31085,15542
1609461082000000,14.0,6200,31000,15500
1609461083000000,14.0,6475,32375,16187
1609461084000000,14.0,6452,32260,16130
1609461085000000,14.0,5591,27955,13977
1609461086000000,14.0,5429,27145,13572
1609461087000000,14.0,7183,35915,17957
1609461088000000,14.0,6200,31000,15500
1609461089000000,14.0,5578,27890,13945
1609461090000000,14.0,6557,32785,16392
1609461091000000,14.0,6370,31850,15925
1609461092000000,14.0,6362,31810,15905
1609461093000000,14.0,6088,30440,15220
1609461094000000,14.0,5055,25275,12637
1609461095000000,14.0,6687,33435,16717
1609461096000000,14.0,5870,29350,14675
1609461097000000,14.0,6300,31500,15750
1609461098000000,14.0,5404,27020,13510
1609461099000000,14.0,5643,28215,14107
1609461100000000,14.0,6909,34545,17272
1609461101000000,14.0,5169,25845,12922
1609461102000000,14.0,4814,24070,12035
1609461103000000,14.0,6921,34605,17302
1609461104000000,14.0,7351,36755,18377
1609461105000000,14.0,5893,29465,14732
1609461106000000,14.0,5637,28185,14092
1609461107000000,14.0,7108,35540,17770
1609461108000000,14.0,6897,34485,17242
1609461109000000,14.0,5327,26635,13317
1609461110000000,14.0,6055,30275,15137
1609461111000000,14.0,6156,30780,15390
1609461112000000,14.0,4904,24520,12260
1609461113000000,14.0,5380,26900,13450
1609461114000000,14.0,6614,33070,16535
1609461115000000,14.0,6545,32725,16362
1609461116000000,14.0,6035,30175,15087
1609461117000000,14.0,7098,35490,17745
1609461118000000,14.0,7351,36755,18377
1609461119000000,14.0,6865,34325,17162
1609461120000000,14.0,7004,35020,17510
1609461121000000,14.0,5226,26130,13065
1609461122000000,14.0,5645,28225,14112
1609461123000000,14.0,7123,35615,17807
1609461124000000,14.0,7347,36735,18367
1609461125000000,14.0,6219,31095,15547
1609461126000000,14.0,6633,33165,16582
1609461127000000,14.0,4781,23905,11952
1609461128000000,14.0,6756,33780,16890
1609461129000000,14.0,6731,33655,16827
1609461130000000,14.0,5082,25410,12705
1609461131000000,14.0,6434,32170,16085
1609461132000000,14.0,6599,32995,16497
1609461133000000,14.0,6246,31230,15615
1609461134000000,14.0,6883,34415,17207
1609461135000000,14.0,5143,25715,12857
1609461136000000,14.0,5612,28060,14030
1609461137000000,14.0,7093,35465,17732
1609461138000000,14.0,5405,27025,13512
1609461139000000,14.0,7252,36260,18130
1609461140000000,14.0,4798,23990,11995
1609461141000000,14.0,4930,24650,12325
1609461142000000,14.0,6272,31360,15680
1609461143000000,14.0,7063,35315,17657
1609461144000000,14.0,5436,27180,13590
1609461145000000,14.0,5427,27135,13567
1609461146000000,14.0,6922,34610,17305
1609461147000000,14.0,6368,31840,15920
1609461148000000,14.0,5924,29620,14810
1609461149000000,14.0,6667,33335,16667
1609461150000000,14.0,7298,36490,18245
1609461151000000,14.0,6407,32035,16017
1609461152000000,14.0,5574,27870,13935
1609461153000000,14.0,7289,36445,18222
1609461154000000,14.0,6316,31580,15790
1609461155000000,14.0,5456,27280,13640
1609461156000000,14.0,5850,29250,14625
1609461157000000,14.0,6841,34205,17102
1609461158000000,14.0,5239,26195,13097
1609461159000000,14.0,5684,28420,14210
1609461160000000,14.0,5068,25340,12670
1609461161000000,14.0,6385,31925,15962
1609461162000000,14.0,5260,26300,13150
1609461163000000,14.0,6903,34515,17257
1609461164000000,14.0,5220,26100,13050
1609461165000000,14.0,5463,27315,13657
1609461166000000,14.0,5580,27900,13950
1609461167000000,14.0,6259,31295,15647
1609461168000000,14.0,6568,32840,16420
1609461169000000,14.0,5211,26055,13027
1609461170000000,14.0,6471,32355,16177
1609461171000000,14.0,6747,33735,16867
1609461172000000,14.0,6602,33010,16505
1609461173000000,14.0,6822,34110,17055
1609461174000000,14.0,6743,33715,16857
1609461175000000,14.0,4909,24545,12272
1609461176000000,14.0,7043,35215,17607
1609461177000000,14.0,5205,26025,13012
1609461178000000,14.0,6230,31150,15575
1609461179000000,14.0,5990,29950,14975
1609461180000000,14.0,4662,23310,11655
1609461181000000,14.0,6000,30000,15000
1609461182000000,14.0,7147,35735,17867
1609461183000000,14.0,6830,34150,17075
1609461184000000,14.0,5331,26655,13327
1609461185000000,14.0,5152,25760,12880
1609461186000000,14.0,6305,31525,15762
1609461187000000,14.0,7166,35830,17915
1609461188000000,14.0,6760,33800,16900
1609461189000000,14.0,4758,23790,11895
1609461190000000,14.0,6223,31115,15557
1609461191000000,14.0,5319,26595,13297
1609461192000000,14.0,6460,32300,16150
1609461193000000,14.0,4753,23765,11882
1609461194000000,14.0,6364,31820,15910
1609461195000000,14.0,5139,25695,12847
1609461196000000,14.0,6360,31800,15900
1609461197000000,14.0,5725,28625,14312
1609461198000000,14.0,7133,35665,17832
1609461199000000,14.0,5613,28065,14032
1609461200000000,14.0,5980,29900,14950
1609461201000000,14.0,7313,36565,18282
1609461202000000,14.0,4958,24790,12395
1609461203000000,14.0,6704,33520,16760
1609461204000000,14.0,7120,35600,17800
1609461205000000,14.0,6826,34130,17065
1609461206000000,14.0,6438,32190,16095
1609461207000000,14.0,5845,29225,14612
1609461208000000,14.0,4850,24250,12125
1609461209000000,14.0,6845,34225,17112
1609461210000000,14.0,6975,34875,17437
1609461211000000,14.0,5785,28925,14462
1609461212000000,14.0,5907,29535,14767
1609461213000000,14.0,5441,27205,13602
1609461214000000,14.0,5403,27015,13507
1609461215000000,14.0,7206,36030,18015
1609461216000000,14.0,7270,36350,18175
1609461217000000,14.0,5075,25375,12687
1609461218000000,14.0,6418,32090,16045
1609461219000000,14.0,5836,29180,14590
1609461220000000,14.0,7014,35070,17535
1609461221000000,14.0,7222,36110,18055
1609461222000000,14.0,5895,29475,14737
1609461223000000,14.0,7024,35120,17560
1609461224000000,14.0,6539,32695,16347
1609461225000000,14.0,5479,27395,13697
1609461226000000,14.0,5214,26070,13035
1609461227000000,14.0,7184,35920,17960
1609461228000000,14.0,5417,27085,13542
1609461229000000,14.0,4866,24330,12165
1609461230000000,14.0,7083,35415,17707
1609461231000000,14.0,4978,24890,12445
1609461232000000,14.0,5690,28450,14225
1609461233000000,14.0,5774,28870,14435
1609461234000000,14.0,6027,30135,15067
1609461235000000,14.0,7212,36060,18030
1609461236000000,14.0,6028,30140,15070
1609461237000000,14.0,5344,26720,13360
1609461238000000,14.0,6401,32005,16002
1609461239000000,14.0,6773,33865,16932
1609461240000000,14.0,6510,32550,16275
1609461241000000,14.0,4656,23280,11640
1609461242000000,14.0,6462,32310,16155
1609461243000000,14.0,4835,24175,12087
1609461244000000,14.0,4882,24410,12205
1609461245000000,14.0,4989,24945,12472
1609461246000000,14.0,4937,24685,12342
1609461247000000,14.0,5981,29905,14952
1609461248000000,14.0,6366,31830,15915
1609461249000000,14.0,7322,36610,18305
1609461250000000,14.0,6077,30385,15192
1609461251000000,14.0,7203,36015,18007
1609461252000000,14.0,6285,31425,15712
1609461253000000,14.0,4952,24760,12380
1609461254000000,14.0,6526,32630,16315
1609461255000000,14.0,6082,30410,15205
1609461256000000,14.0,5884,29420,14710
1609461257000000,14.0,5429,27145,13572
1609461258000000,14.0,6063,30315,15157
1609461259000000,14.0,6425,32125,16062
1609461260000000,14.0,6853,34265,17132
1609461261000000,14.0,7229,36145,18072
1609461262000000,14.0,6476,32380,16190
1609461263000000,14.0,7378,36890,18445
1609461264000000,14.0,5859,29295,14647
1609461265000000,14.0,5054,25270,12635
1609461266000000,14.0,6448,32240,16120
1609461267000000,14.0,5206,26030,13015
1609461268000000,14.0,5886,29430,14715
1609461269000000,14.0,6872,34360,17180
1609461270000000,14.0,6741,33705,16852
1609461271000000,14.0,6180,30900,15450
1609461272000000,14.0,6577,32885,16442
1609461273000000,14.0,6787,33935,16967
1609461274000000,14.0,4816,24080,12040
1609461275000000,14.0,6871,34355,17177
1609461276000000,14.0,5359,26795,13397
1609461277000000,14.0,6298,31490,15745
1609461278000000,14.0,6461,32305,16152
1609461279000000,14.0,6245,31225,15612
1609461280000000,14.0,6926,34630,17315
1609461281000000,14.0,5842,29210,14605
1609461282000000,14.0,4868,24340,12170
1609461283000000,14.0,6334,31670,15835
1609461284000000,14.0,6612,33060,16530
1609461285000000,14.0,4653,23265,11632
1609461286000000,14.0,5207,26035,13017
1609461287000000,14.0,6246,31230,15615
1609461288000000,14.0,7240,36200,18100
1609461289000000,14.0,7249,36245,18122
1609461290000000,14.0,6598,32990,16495
1609461291000000,14.0,5954,29770,14885
1609461292000000,14.0,5837,29185,14592
1609461293000000,14.0,5726,28630,14315
1609461294000000,14.0,5355,26775,13387
1609461295000000,14.0,6794,33970,16985
1609461296000000,14.0,5486,27430,13715
1609461297000000,14.0,5573,27865,13932
1609461298000000,14.0,6879,34395,17197
1609461299000000,14.0,5247,26235,13117
1609461300000000,14.0,6666,33330,16665
1609461301000000,14.0,4970,24850,12425
1609461302000000,14.0,5229,26145,13072
1609461303000000,14.0,6737,33685,16842
1609461304000000,14.0,5055,25275,12637
1609461305000000,14.0,7226,36130,18065
1609461306000000,14.0,6142,30710,15355
1609461307000000,14.0,6436,32180,16090
1609461308000000,14.0,7233,36165,18082
1609461309000000,14.0,4683,23415,11707
1609461310000000,14.0,6762,33810,16905
1609461311000000,14.0,6479,32395,16197
1609461312000000,14.0,7123,35615,17807
1609461313000000,14.0,5289,26445,13222
1609461314000000,14.0,6263,31315,15657
1609461315000000,14.0,5875,29375,14687
1609461316000000,14.0,5610,28050,14025
1609461317000000,14.0,6622,33110,16555
1609461318000000,14.0,5778,28890,14445
1609461319000000,14.0,4938,24690,12345
1609461320000000,14.0,6441,32205,16102
1609461321000000,14.0,4693,23465,11732
1609461322000000,14.0,6025,30125,15062
1609461323000000,14.0,5440,27200,13600
1609461324000000,14.0,6085,30425,15212
1609461325000000,14.0,7152,35760,17880
1609461326000000,14.0,6525,32625,16312
1609461327000000,14.0,7342,36710,18355
1609461328000000,14.0,4854,24270,12135
1609461329000000,14.0,5632,28160,14080
1609461330000000,14.0,6909,34545,17272
1609461331000000,14.0,7310,36550,18275
1609461332000000,14.0,6700,33500,16750
1609461333000000,14.0,7317,36585,18292
1609461334000000,14.0,6165,30825,15412
1609461335000000,14.0,5346,26730,13365
1609461336000000,14.0,4888,24440,12220
1609461337000000,14.0,7014,35070,17535
1609461338000000,14.0,6977,34885,17442
1609461339000000,14.0,7327,36635,18317
1609461340000000,14.0,5497,27485,13742
1609461341000000,14.0,6054,30270,15135
1609461342000000,14.0,7102,35510,17755
1609461343000000,14.0,5399,26995,13497
1609461344000000,14.0,5628,28140,14070
1609461345000000,14.0,5111,25555,12777
1609461346000000,14.0,5611,28055,14027
1609461347000000,14.0,6656,33280,16640
1609461348000000,14.0,4662,23310,11655
1609461349000000,14.0,7301,36505,18252
1609461350000000,14.0,6285,31425,15712
1609461351000000,14.0,5310,26550,13275
1609461352000000,14.0,7027,35135,17567
1609461353000000,14.0,5075,25375,12687
1609461354000000,14.0,6147,30735,15367
1609461355000000,14.0,5295,26475,13237
1609461356000000,14.0,6074,30370,15185
1609461357000000,14.0,7063,35315,17657
1609461358000000,14.0,5705,28525,14262
1609461359000000,14.0,4811,24055,12027
1609461360000000,14.0,5591,27955,13977
1609461361000000,14.0,5407,27035,13517
1609461362000000,14.0,6769,33845,16922
1609461363000000,14.0,4999,24995,12497
1609461364000000,14.0,5196,25980,12990
1609461365000000,14.0,6759,33795,16897
1609461366000000,14.0,6537,32685,16342
1609461367000000,14.0,5252,26260,13130
1609461368000000,14.0,6880,34400,17200
1609461369000000,14.0,4680,23400,11700
1609461370000000,14.0,6443,32215,16107
1609461371000000,14.0,4874,24370,12185
1609461372000000,14.0,5182,25910,12955
1609461373000000,14.0,5530,27650,13825
1609461374000000,14.0,6827,34135,17067
1609461375000000,14.0,5691,28455,14227
1609461376000000,14.0,5522,27610,13805
1609461377000000,14.0,7373,36865,18432
1609461378000000,14.0,6412,32060,16030
1609461379000000,14.0,7142,35710,17855
1609461380000000,14.0,4785,23925,11962
1609461381000000,14.0,6767,33835,16917
1609461382000000,14.0,7121,35605,17802
1609461383000000,14.0,5450,27250,13625
1609461384000000,14.0,6657,33285,16642
1609461385000000,14.0,4734,23670,11835
1609461386000000,14.0,6239,31195,15597
1609461387000000,14.0,7041,35205,17602
1609461388000000,14.0,4736,23680,11840
1609461389000000,14.0,4881,24405,12202
1609461390000000,14.0,6751,33755,16877
1609461391000000,14.0,6364,31820,15910
1609461392000000,14.0,6453,32265,16132
1609461393000000,14.0,7105,35525,17762
1609461394000000,14.0,4667,23335,11667
1609461395000000,14.0,5019,25095,12547
1609461396000000,14.0,7294,36470,18235
1609461397000000,14.0,5896,29480,14740
1609461398000000,14.0,6695,33475,16737
1609461399000000,14.0,6823,34115,17057
1609461400000000,14.0,5371,26855,13427
1609461401000000,14.0,5529,27645,13822
1609461402000000,14.0,6955,34775,17387
1609461403000000,14.0,6018,30090,15045
1609461404000000,14.0,7161,35805,17902
1609461405000000,14.0,7028,35140,17570
1609461406000000,14.0,4917,24585,12292
1609461407000000,14.0,5784,28920,14460
1609461408000000,14.0,7009,35045,17522
1609461409000000,14.0,5701,28505,14252
1609461410000000,14.0,7313,36565,18282
1609461411000000,14.0,6950,34750,17375
1609461412000000,14.0,4697,23485,11742
1609461413000000,14.0,5088,25440,12720
1609461414000000,14.0,6679,33395,16697
1609461415000000,14.0,6473,32365,16182
1609461416000000,14.0,5304,26520,13260
1609461417000000,14.0,5044,25220,12610
1609461418000000,14.0,4645,23225,11612
1609461419000000,14.0,7366,36830,18415
1609461420000000,14.0,5594,27970,13985
1609461421000000,14.0,5883,29415,14707
1609461422000000,14.0,4904,24520,12260
1609461423000000,14.0,4931,24655,12327
1609461424000000,14.0,7176,35880,17940
1609461425000000,14.0,4673,23365,11682
1609461426000000,14.0,5623,28115,14057
1609461427000000,14.0,5423,27115,13557
1609461428000000,14.0,5200,26000,13000
1609461429000000,14.0,6448,32240,16120
1609461430000000,14.0,6399,31995,15997
1609461431000000,14.0,5734,28670,14335
1609461432000000,14.0,5640,28200,14100
1609461433000000,14.0,6561,32805,16402
1609461434000000,14.0,6999,34995,17497
1609461435000000,14.0,6869,34345,17172
1609461436000000,14.0,4968,24840,12420
1609461437000000,14.0,6287,31435,15717
1609461438000000,14.0,7319,36595,18297
1609461439000000,14.0,5579,27895,13947
1609461440000000,14.0,7138,35690,17845
1609461441000000,14.0,5770,28850,14425
1609461442000000,14.0,5713,28565,14282
1609461443000000,14.0,5116,25580,12790
1609461444000000,14.0,5952,29760,14880
1609461445000000,14.0,6779,33895,16947
1609461446000000,14.0,7148,35740,17870
1609461447000000,14.0,7008,35040,17520
1609461448000000,14.0,5768,28840,14420
1609461449000000,14.0,6582,32910,16455
1609461450000000,14.0,5087,25435,12717
1609461451000000,14.0,6119,30595,15297
1609461452000000,14.0,6807,34035,17017
1609461453000000,14.0,7308,36540,18270
1609461454000000,14.0,5748,28740,14370
1609461455000000,14.0,6121,30605,15302
1609461456000000,14.0,6653,33265,16632
1609461457000000,14.0,4774,23870,11935
1609461458000000,14.0,6427,32135,16067
1609461459000000,14.0,6396,31980,15990
1609461460000000,14.0,5704,28520,14260
1609461461000000,14.0,4854,24270,12135
1609461462000000,14.0,5664,28320,14160
1609461463000000,14.0,6808,34040,17020
1609461464000000,14.0,5444,27220,13610
1609461465000000,14.0,4699,23495,11747
1609461466000000,14.0,7043,35215,17607
1609461467000000,14.0,4643,23215,11607
1609461468000000,14.0,5909,29545,14772
1609461469000000,14.0,6329,31645,15822
1609461470000000,14.0,6301,31505,15752
1609461471000000,14.0,5095,25475,12737
1609461472000000,14.0,6164,30820,15410
1609461473000000,14.0,6048,30240,15120
1609461474000000,14.0,6559,32795,16397
1609461475000000,14.0,5996,29980,14990
1609461476000000,14.0,4858,24290,12145
1609461477000000,14.0,7351,36755,18377
1609461478000000,14.0,5099,25495,12747
1609461479000000,14.0,7000,35000,17500
1609461480000000,14.0,4789,23945,11972
1609461481000000,14.0,5071,25355,12677
1609461482000000,14.0,7264,36320,18160
1609461483000000,14.0,5415,27075,13537
1609461484000000,14.0,6945,34725,17362
1609461485000000,14.0,6906,34530,17265
1609461486000000,14.0,5849,29245,14622
1609461487000000,14.0,4870,24350,12175
1609461488000000,14.0,4754,23770,11885
1609461489000000,14.0,7042,35210,17605
1609461490000000,14.0,6455,32275,16137
1609461491000000,14.0,6915,34575,17287
1609461492000000,14.0,7276,36380,18190
1609461493000000,14.0,6850,34250,17125
1609461494000000,14.0,5046,25230,12615
1609461495000000,14.0,6244,31220,15610
1609461496000000,14.0,6323,31615,15807
1609461497000000,14.0,6945,34725,17362
1609461498000000,14.0,5923,29615,14807
1609461499000000,14.0,7270,36350,18175
1609461500000000,14.0,4714,23570,11785
1609461501000000,14.0,7199,35995,17997
1609461502000000,14.0,5689,28445,14222
1609461503000000,14.0,6762,33810,16905
1609461504000000,14.0,7154,35770,17885
1609461505000000,14.0,6467,32335,16167
1609461506000000,14.0,4963,24815,12407
1609461507000000,14.0,5553,27765,13882
1609461508000000,14.0,6105,30525,15262
1609461509000000,14.0,5963,29815,14907
1609461510000000,14.0,6204,31020,15510
1609461511000000,14.0,4781,23905,11952
1609461512000000,14.0,5020,25100,12550
1609461513000000,14.0,5420,27100,13550
1609461514000000,14.0,5081,25405,12702
1609461515000000,14.0,6687,33435,16717
1609461516000000,14.0,4943,24715,12357
1609461517000000,14.0,5809,29045,14522
1609461518000000,14.0,7059,35295,17647
1609461519000000,14.0,5239,26195,13097
1609461520000000,14.0,5492,27460,13730
1609461521000000,14.0,4878,24390,12195
1609461522000000,14.0,4790,23950,11975
1609461523000000,14.0,5154,25770,12885
1609461524000000,14.0,5087,25435,12717
1609461525000000,14.0,7218,36090,18045
1609461526000000,14.0,5737,28685,14342
1609461527000000,14.0,6623,33115,16557
1609461528000000,14.0,6693,33465,16732
1609461529000000,14.0,4859,24295,12147
1609461530000000,14.0,4859,24295,12147
1609461531000000,14.0,4990,24950,12475
1609461532000000,14.0,6122,30610,15305
1609461533000000,14.0,4655,23275,11637
1609461534000000,14.0,7410,37050,18525
1609461535000000,14.0,5779,28895,14447
1609461536000000,14.0,5882,29410,14705
1609461537000000,14.0,6585,32925,16462
1609461538000000,14.0,5378,26890,13445
1609461539000000,14.0,5098,25490,12745
1609461540000000,14.0,6774,33870,16935
1609461541000000,14.0,6981,34905,17452
1609461542000000,14.0,7024,35120,17560
1609461543000000,14.0,7182,35910,17955
1609461544000000,14.0,6615,33075,16537
1609461545000000,14.0,4966,24830,12415
1609461546000000,14.0,7262,36310,18155
1609461547000000,14.0,4836,24180,12090
1609461548000000,14.0,4664,23320,11660
1609461549000000,14.0,4840,24200,12100
1609461550000000,14.0,6230,31150,15575
1609461551000000,14.0,6455,32275,16137
1609461552000000,14.0,6657,33285,16642
1609461553000000,14.0,5756,28780,14390
1609461554000000,14.0,5068,25340,12670
1609461555000000,14.0,6407,32035,16017
1609461556000000,14.0,4753,23765,11882
1609461557000000,14.0,5370,26850,13425
1609461558000000,14.0,4794,23970,11985
1609461559000000,14.0,5380,26900,13450
1609461560000000,14.0,5080,25400,12700
1609461561000000,14.0,6146,30730,15365
1609461562000000,14.0,5672,28360,14180
1609461563000000,14.0,4706,23530,11765
1609461564000000,14.0,6016,30080,15040
1609461565000000,14.0,6777,33885,16942
1609461566000000,14.0,5106,25530,12765
1609461567000000,14.0,6663,33315,16657
1609461568000000,14.0,6049,30245,15122
1609461569000000,14.0,6874,34370,17185
1609461570000000,14.0,5696,28480,14240
1609461571000000,14.0,5928,29640,14820
1609461572000000,14.0,6861,34305,17152
1609461573000000,14.0,5400,27000,13500
1609461574000000,14.0,5584,27920,13960
1609461575000000,14.0,5136,25680,12840
1609461576000000,14.0,6345,31725,15862
1609461577000000,14.0,5177,25885,12942
1609461578000000,14.0,5971,29855,14927
1609461579000000,14.0,7172,35860,17930
1609461580000000,14.0,6355,31775,15887
1609461581000000,14.0,5985,29925,14962
1609461582000000,14.0,6870,34350,17175
1609461583000000,14.0,5065,25325,12662
1609461584000000,14.0,6690,33450,16725
1609461585000000,14.0,6291,31455,15727
1609461586000000,14.0,5967,29835,14917
1609461587000000,14.0,4944,24720,12360
1609461588000000,14.0,6268,31340,15670
1609461589000000,14.0,7376,36880,18440
1609461590000000,14.0,6237,31185,15592
1609461591000000,14.0,5001,25005,12502
1609461592000000,14.0,6512,32560,16280
1609461593000000,14.0,5652,28260,14130
1609461594000000,14.0,5038,25190,12595
1609461595000000,14.0,6726,33630,16815
1609461596000000,14.0,6657,33285,16642
1609461597000000,14.0,5134,25670,12835
1609461598000000,14.0,5261,26305,13152
1609461599000000,14.0,4770,23850,11925
1609461600000000,14.0,6949,34745,17372
1609461601000000,14.0,5648,28240,14120
1609461602000000,14.0,6876,34380,17190
1609461603000000,14.0,6609,33045,16522
1609461604000000,14.0,5387,26935,13467
1609461605000000,14.0,4909,24545,12272
1609461606000000,14.0,5334,26670,13335
1609461607000000,14.0,6767,33835,16917
1609461608000000,14.0,4941,24705,12352
1609461609000000,14.0,5031,25155,12577
1609461610000000,14.0,6696,33480,16740
1609461611000000,14.0,6062,30310,15155
1609461612000000,14.0,6690,33450,16725
1609461613000000,14.0,5055,25275,12637
1609461614000000,14.0,6326,31630,15815
1609461615000000,14.0,7017,35085,17542
1609461616000000,14.0,6377,31885,15942
1609461617000000,14.0,5419,27095,13547
1609461618000000,14.0,6391,31955,15977
1609461619000000,14.0,6657,33285,16642
1609461620000000,14.0,5815,29075,14537
1609461621000000,14.0,4935,24675,12337
1609461622000000,14.0,5929,29645,14822
1609461623000000,14.0,5514,27570,13785
1609461624000000,14.0,4813,24065,12032
1609461625000000,14.0,6507,32535,16267
1609461626000000,14.0,7152,35760,17880
1609461627000000,14.0,5014,25070,12535
1609461628000000,14.0,5869,29345,14672
1609461629000000,14.0,6621,33105,16552
1609461630000000,14.0,5201,26005,13002
1609461631000000,14.0,6678,33390,16695
1609461632000000,14.0,4929,24645,12322
1609461633000000,14.0,4928,24640,12320
1609461634000000,14.0,7298,36490,18245
1609461635000000,14.0,6500,32500,16250
1609461636000000,14.0,6836,34180,17090
1609461637000000,14.0,5780,28900,14450
1609461638000000,14.0,6373,31865,15932
1609461639000000,14.0,6100,30500,15250
1609461640000000,14.0,4763,23815,11907
1609461641000000,14.0,7102,35510,17755
1609461642000000,14.0,6982,34910,17455
1609461643000000,14.0,7005,35025,17512
1609461644000000,14.0,4817,24085,12042
1609461645000000,14.0,5210,26050,13025
1609461646000000,14.0,5837,29185,14592
1609461647000000,14.0,5065,25325,12662
1609461648000000,14.0,6068,30340,15170
1609461649000000,14.0,6700,33500,16750
1609461650000000,14.0,6885,34425,17212
1609461651000000,14.0,5816,29080,14540
1609461652000000,14.0,6200,31000,15500
1609461653000000,14.0,4819,24095,12047
1609461654000000,14.0,5323,26615,13307
1609461655000000,14.0,5243,26215,13107
1609461656000000,14.0,5660,28300,14150
1609461657000000,14.0,5883,29415,14707
1609461658000000,14.0,5044,25220,12610
1609461659000000,14.0,5323,26615,13307
1609461660000000,14.0,7280,36400,18200
1609461661000000,14.0,6639,33195,16597
1609461662000000,14.0,5887,29435,14717
1609461663000000,14.0,5653,28265,14132
1609461664000000,14.0,6878,34390,17195
1609461665000000,14.0,6781,33905,16952
1609461666000000,14.0,6075,30375,15187
1609461667000000,14.0,6203,31015,15507
1609461668000000,14.0,6689,33445,16722
1609461669000000,14.0,5454,27270,13635
1609461670000000,14.0,5839,29195,14597
1609461671000000,14.0,4708,23540,11770
1609461672000000,14.0,6190,30950,15475
1609461673000000,14.0,6550,32750,16375
1609461674000000,14.0,7158,35790,17895
1609461675000000,14.0,5980,29900,14950
1609461676000000,14.0,5652,28260,14130
1609461677000000,14.0,6274,31370,15685
1609461678000000,14.0,5915,29575,14787
1609461679000000,14.0,7273,36365,18182
1609461680000000,14.0,5117,25585,12792
1609461681000000,14.0,4996,24980,12490
1609461682000000,14.0,6818,34090,17045
1609461683000000,14.0,6732,33660,16830
1609461684000000,14.0,4973,24865,12432
1609461685000000,14.0,4944,24720,12360
1609461686000000,14.0,7271,36355,18177
1609461687000000,14.0,6956,34780,17390
1609461688000000,14.0,4971,24855,12427
1609461689000000,14.0,5608,28040,14020
1609461690000000,14.0,4904,24520,12260
1609461691000000,14.0,5748,28740,14370
1609461692000000,14.0,7040,35200,17600
1609461693000000,14.0,4742,23710,11855
1609461694000000,14.0,5682,28410,14205
1609461695000000,14.0,5725,28625,14312
1609461696000000,14.0,4705,23525,11762
1609461697000000,14.0,6053,30265,15132
1609461698000000,14.0,4990,24950,12475
1609461699000000,14.0,6081,30405,15202
1609461700000000,14.0,5854,29270,14635
1609461701000000,14.0,7282,36410,18205
1609461702000000,14.0,6411,32055,16027
1609461703000000,14.0,6725,33625,16812
1609461704000000,14.0,7218,36090,18045
1609461705000000,14.0,5022,25110,12555
1609461706000000,14.0,4870,24350,12175
1609461707000000,14.0,6125,30625,15312
1609461708000000,14.0,7162,35810,17905
1609461709000000,14.0,5318,26590,13295
1609461710000000,14.0,6359,31795,15897
1609461711000000,14.0,5920,29600,14800
1609461712000000,14.0,6092,30460,15230
1609461713000000,14.0,7375,36875,18437
1609461714000000,14.0,6635,33175,16587
1609461715000000,14.0,5679,28395,14197
1609461716000000,14.0,6455,32275,16137
1609461717000000,14.0,4823,24115,12057
1609461718000000,14.0,4911,24555,12277
1609461719000000,14.0,4833,24165,12082
1609461720000000,14.0,6542,32710,16355
1609461721000000,14.0,4863,24315,12157
1609461722000000,14.0,6814,34070,17035
1609461723000000,14.0,4787,23935,11967
1609461724000000,14.0,5449,27245,13622
1609461725000000,14.0,7217,36085,18042
1609461726000000,14.0,6595,32975,16487
1609461727000000,14.0,7203,36015,18007
1609461728000000,14.0,5706,28530,14265
1609461729000000,14.0,4658,23290,11645
1609461730000000,14.0,5086,25430,12715
1609461731000000,14.0,6733,33665,16832
1609461732000000,14.0,5361,26805,13402
1609461733000000,14.0,5341,26705,13352
1609461734000000,14.0,7373,36865,18432
1609461735000000,14.0,6218,31090,15545
1609461736000000,14.0,6209,31045,15522
1609461737000000,14.0,5804,29020,14510
1609461738000000,14.0,6951,34755,17377
1609461739000000,14.0,7203,36015,18007
1609461740000000,14.0,4979,24895,12447
1609461741000000,14.0,6669,33345,16672
1609461742000000,14.0,5518,27590,13795
1609461743000000,14.0,4654,23270,11635
1609461744000000,14.0,5018,25090,12545
1609461745000000,14.0,5996,29980,14990
1609461746000000,14.0,6188,30940,15470
1609461747000000,14.0,6244,31220,15610
